4760 6450
520 2907 574 2975 39.
600 2927 698 2993 «opos
722 2926 803 2968 αυτα
818 2922 925 2973 =·t·
943 2926 1025 2968 αυτα
1040 2862 1081 2973 J
1095 2925 1213 2992 ααρωνε
1243 2903 1291 2973 sid

474 3023 694 3105 transponunt
717 3019 814 3086 iimm
839 3017 894 3099 30,
911 3017 965 3119 ⁵⁸2
992 3018 1050 3099 723
1075 3033 1117 3086 ex
1139 3015 1291 3086 affinibus

473 3131 641 3200 codicibus
664 3121 836 3217 probabile
859 3128 907 3197 sio
929 3127 1051 3214 legisse
1076 3129 1207 3214 Syrum,
1231 3127 1291 3198 sed

473 3262 532 3330 per
555 3261 592 3314 se
615 3261 656 3312 ex
679 3242 811 3328 linguae
834 3260 898 3310 uso
922 3258 990 3321 non
1014 3239 1139 3310 definit.

393 3445 398 3455 1
516 3377 592 3420 οταν
609 3354 644 3423 ιθ
657 3357 704 3412 '==
720 3370 795 3422 oum
811 3353 896 3422 hano
913 3353 1063 3422 toeniam
1079 3353 1204 3439 passim
1217 3353 1292 3424 red·

472 3470 528 3537 dat
551 3468 622 3536 sine
646 3453 704 3558 χῖ,
728 3483 789 3536 neo
811 3464 1019 3534 meminerim
1043 3482 1123 3534 nnm
1145 3481 1292 3552 unquam

472 3579 686 3668 apposuerit,
712 3585 870 3665 ,putarem
904 3577 1025 3664 legisse
1058 3601 1098 3653 ως
1125 3600 1163 3642 αν
1194 3581 1291 3648 itmm

471 3693 611 3780 aliquot,
635 3690 686 3761 rel
710 3691 810 3760 etiam
833 3713 886 3765 εως
916 3713 954 3754 αν
977 3689 1120 3760 duorum
1144 3690 1291 3760 affinium

472 3809 570 3876 nnn
593 3805 638 3872 ae
661 3785 695 3873 et'
718 3807 772 3872 72.
859 3785 863 3792 “

517 3921 697 4006 intonuerant
726 3937 799 4005 προς
820 3939 857 3982 το
888 3914 1095 4006 θυσιαστηριον
1118 3937 1173 3980 του
1203 3939 1291 4009 αγιου

471 4051 600 4118 ππρος
622 4051 659 4094 so
682 4027 889 4120 dememorant
911 4051 967 4094 του
988 4051 1077 4120 aymo
1099 4033 1293 4122 λειτουργανε

385 4205 393 4216 .
472 4143 539 4210 duo
564 4143 660 4210 Hmm
685 4141 798 4212 affines
823 4143 879 4228 58,
905 4145 949 4212 72
974 4143 1207 4230 transponunt,
1231 4145 1291 4214 sed

472 4255 556 4324 alius
570 4253 667 4323 aliter
690 4260 724 4323 et
746 4260 969 4342 transponunt
992 4261 1027 4326 ot
1049 4255 1174 4343 legunt,
1191 4259 1219 4326 ii
1235 4271 1290 4326 re-

472 4369 633 4436 terentes:
654 4383 694 4436 ex
717 4366 770 4436 his
795 4373 906 4436 antem
921 4367 1038 4436 dubito
1054 4385 1097 4436 ne
1113 4372 1292 4454 correptos

472 4481 515 4548 sit
539 4487 664 4566 nester,
688 4488 722 4551 ot
745 4463 950 4570 prod-2²92
974 4481 1018 4549 sit
1041 4480 1218 4565 legendnm
1239 4479 1292 4551 roi

471 4577 623 4669 bam
641 4599 718 4680 post
732 4577 951 4677 QX,
967 4590 1057 4678 quod
1078 4591 1201 4661 iaoeret
1216 4605 1292 4662 eum

472 4704 545 4775 eod.
564 4707 618 4783 72,
632 4705 686 4774 rel
701 4689 846 4784 Luam
861 4704 943 4775 item
967 4701 1182 4790 transposito,
1203 4700 1294 4788 qnod

471 4817 591 4886 melios
605 4816 736 4886 literam
759 4820 787 4887 Η
812 4816 932 4901 reddit,
948 4821 983 4886 et
998 4819 1051 4884 est
1066 4813 1101 4884 in
1117 4811 1231 4884 codiee
1246 4814 1292 4884 te

472 4930 505 4996 in
529 4928 593 4998 alio
618 4935 727 4998 tamen
750 4930 929 4999 verborum
952 4928 1079 5000 ordine.

517 5063 589 5130 προς
610 5061 735 5117 εαυτους
755 5069 804 5102 .·=.·
823 5057 870 5108 ¹?
891 5045 939 5135 η’
954 5065 1079 5120 tuomet
1094 5008 1142 5112 l.

518 5157 631 5241 xxix,
657 5161 687 5228 i.
711 5173 849 5247 αγιασιις
863 5181 910 5216 =
923 5165 956 5220 Α.
974 5163 1010 5220 Θ.
1034 5177 1173 5247 amone
1196 5163 1229 5240 Σ
1251 5157 1295 5231 trc‘

471 5291 507 5334 eo
531 5291 669 5360 αγιασαι.
696 5271 819 5340 contra
842 5283 972 5341 morem
996 5268 1119 5340 oodiois
1152 5268 1235 5356 sigla
1256 5274 1291 5339 et

471 5381 632 5452 lectiones
656 5383 847 5454 odamotete
868 5375 988 5453 'medio
1021 5399 1130 5470 eoque
1161 5382 1290 5453 minuto

471 5501 658 5565 exarantur.

517 5627 569 5693 μοι
582 5635 628 5668 =
643 5615 804 5696 punctum
828 5615 905 5696 poet
928 5623 1055 5692 sooem,
1079 5623 1147 5677 non
1169 5621 1290 5693 snper·

472 5718 638 5805 positum,
666 5722 865 5813 reprobatur
895 5721 1016 5794 lineola
1050 5721 1066 5789 i
1100 5737 1219 5794 manns
1248 5735 1289 5792 ex

472 5835 663 5902 atramento.

1426 2925 1479 2971 και
1500 2895 1597 2980 {noae
1618 2917 1667 2964 ἐ.-
1685 2927 1741 2970 και
1763 2923 1896 2980 nonnette
1918 2927 2020 2980 αυτοις
2042 2897 2144 2982 (osae.

1426 3017 1481 3090 37.
1505 3037 1558 3080 και
1581 3020 1745 3105 tenimenta
1766 3043 1814 3074 =
1836 3025 1867 3082 Σ.
1889 3039 1943 3081 και
1965 3020 2140 3094 τελιιωσιις.
2164 3029 2199 3084 Α.

1382 3135 1418 3191 o.
1433 3149 1487 3191 και
1501 3130 1674 3216 adoptione.
1692 3129 1836 3197 Graecus
1854 3134 1964 3197 textus
1981 3130 2130 3200 omnium
2145 3133 2200 3200 in-

1382 3245 1565 3327 terpretum
1588 3240 1693 3324 deest,
1717 3239 1778 3310 sed
1800 3239 1854 3309 rix
1877 3241 1993 3311 Latino
2016 3241 2201 3313 didermtia

1381 3360 1566 3440 appararet,
1583 3359 1616 3422 et
1632 3370 1694 3440 pro
1711 3351 1908 3438 Symmacho
1925 3354 1973 3424 sie
1987 3355 2128 3425 vortitur
2142 3357 2199 3442 Sy·

1381 3481 1418 3534 ro
1434 3466 1549 3534 eadem
1564 3480 1628 3534 ror
1644 3465 1767 3536 Graeca
1788 3464 1823 3534 in
1839 3466 1924 3536 Lxx
1939 3466 2024 3536 Inira
2040 3471 2153 3550 xxix,
2167 3472 2199 3549 93

1381 3577 1461 3646 item
1471 3581 1595 3666 πληροω
1606 3578 1704 3646 vertit
1719 3583 1834 3648 noster
1849 3595 1888 3648 ae
1903 3579 1955 3648 hio
1970 3577 2055 3680 inira
2070 3580 2199 3663 xxxii,

1380 3690 1448 3773 29,
1472 3705 1510 3758 ao
1532 3688 1676 3758 reddnnt
1699 3689 1747 3759 sio
1769 3690 1846 3762 alibi
1868 3693 1992 3761 xGraeoe
2025 3695 2054 3761 il
2082 3691 2200 3778 Aquita

1381 3808 1416 3870 et
1439 3799 1655 3870 theodotion.
1687 3802 1779 3873 Lioet
1809 3801 1898 3872 enim
1928 3803 2018 3874 idom
2050 3803 2085 3872 in
2116 3805 2199 3891 syro

1380 3911 1449 3982 sint
1478 3911 1532 3983 isti
1563 3919 1598 3983 et
1627 3914 1735 4001 dxx,
1760 3915 1793 3984 in
1826 3919 1951 4006 Graeoo
1975 3917 2200 3987 diversitatem

1380 4025 1483 4096 inisse
1506 4033 1643 4113 apparot
1666 4043 1706 4096 ex
1723 4027 1875 4115 apposita
1898 4027 2053 4109 lectione,
2070 4026 2199 4097 ntaiibi

1381 4138 1430 4225 iit,
1452 4137 1492 4209 oi.
1517 4155 1617 4228 supra
1641 4141 1696 4224 lx,
1720 4141 1775 4211 ³2.
1919 4209 1922 4215 ,

1426 4253 1481 4322 38.
1504 4253 1604 4339 idarg.
1628 4253 1724 4321 Stioii
1745 4251 1877 4322 timec.

1424 4369 1584 4455 πιρισκελη
1607 4393 1655 4424 =
1677 4365 1764 4451 huon,
1796 4372 1834 4434 ut
1863 4370 1977 4452 patet,
2002 4364 2199 4436 retrahenda

1378 4494 1442 4550 vox
1466 4481 1589 4548 Graeoa
1610 4479 1683 4549 sine
1704 4479 1813 4549 indita
1835 4477 1870 4548 in
1893 4483 1989 4548 toatn
2011 4477 2046 4546 in
2068 4475 2198 4558 codiee,

1379 4591 1522 4679 positae
1538 4590 1673 4677 regione
1690 4594 1707 4660 t
1726 4591 1833 4661 tineae
1855 4589 1925 4662 iolii
1948 4607 1991 4675 n,
2007 4607 2049 4660 ex
2072 4605 2139 4677 qno
2154 4589 2201 4657 ri

1379 4701 1479 4773 datur
1492 4699 1636 4773 omissus
1660 4702 1768 4774 index.
1785 4706 1857 4776 vor
1873 4709 1907 4773 et
1922 4703 2028 4772 index·
2038 4701 2199 4789 marginis

1379 4813 1571 4886 sonbnntnr
1591 4814 1704 4884 minio.
1729 4818 1801 4888 vox
1829 4816 1911 4902 Syra
1934 4800 2082 4892 innata
2104 4815 2200 4886 deest

1380 4924 1518 5011 Laxiois,
1535 4927 1596 4997 sed
1611 4927 1755 4998 oeenrrit
1770 4926 1870 4998 otiam
1885 4926 2129 5013 inira-xxxix,
2139 4929 2198 4997 28,

1424 5063 1539 5131 χραηος
1560 5067 1607 5100 =
1629 5051 1738 5127 marg:
1763 5057 1827 5111 ror
1858 5043 1981 5116 Graeca
2012 5049 2047 5111 et
2072 5040 2199 5110 indiees

1379 5152 1493 5224 minio.
1983 5189 1987 5196 ·

1424 5287 1524 5330 αυτων
1546 5293 1594 5326 =
1616 5266 1680 5336 snb
1703 5265 1812 5338 onero.

1424 5342 1915 5458 monendae.
1943 5379 2129 5454 ttatooolm
2155 5397 2199 5450 ex

1380 5491 1473 5578 siglis
1495 5498 1548 5562 est
1570 5509 1672 5580 snper
1691 5492 1757 5589 fin
1781 5491 1905 5576 codiee,
1930 5493 2006 5578 sed,
2030 5498 2068 5563 nt
2089 5499 2196 5582 patet,

1380 5611 1457 5692 post
1479 5618 1503 5668 0
1526 5601 1756 5688 retrahendus,
1780 5603 1837 5676 nbi
1860 5606 2011 5695 apposni.
2036 5605 2198 5694 copulam

1380 5717 2198 5805 omittitoodoxndennionttatt,otnnnootiam

1380 5833 1485 5905 oodox
1508 5835 1536 5904 ii
1561 5833 1709 5920 ejusdem
1732 5836 1811 5904 247.
