4682 6390
1239 225 1442 292 -107-

468 343 526 410 ric
540 343 606 410 ullo
628 341 712 410 inter
727 360 765 408 ea
780 349 950 428 apparente
972 338 1167 422 discrimine,
1181 337 1229 406 nti
1251 357 1293 405 ecc

331 460 342 479 '
466 455 632 544 adscriptis
654 455 758 522 cidere
780 462 842 520 est:
867 442 881 489 '
904 451 988 518 enim
1011 451 1057 518 ita
1075 451 1222 539 pinquat,
1243 469 1293 518 eo

466 568 593 654 clemque
614 567 679 652 [erc
700 563 790 631 modo
813 556 851 648 Ἱ,
875 564 922 632 ita
942 575 977 630 ut
1000 573 1064 630 tota
1087 565 1151 650 sere
1174 563 1290 632 discre-

462 677 578 763 pantia
600 697 621 744 a
640 675 818 764 prelatione
838 677 972 764 petenda
1001 676 1052 744 sit.
1080 677 1158 743 Cum
1187 687 1292 742 auten

466 789 548 855 inter
571 789 733 876 leqendnm
755 789 798 856 ad
820 788 957 876 aliquem
980 809 1022 856 ea
1044 789 1094 856 bis
1117 790 1233 869 locum,
1257 791 1293 856 in

466 899 574 986 quibus
598 902 707 968 literae
729 901 808 968 istae
822 912 1000 985 maereant,
1020 903 1219 990 perverterint
1234 903 1288 970 lu·

465 1012 556 1093 daei,
581 1013 655 1096 illa,
680 1013 761 1099 quari
783 1033 896 1081 smcarc
918 1015 1063 1082 uidentur
1085 1016 1192 1082 literae
1215 1015 1293 1082 ome

466 1123 548 1190 irrter
577 1143 610 1190 se
640 1124 846 1210 compositae,
871 1125 1000 1206 relicto,
1032 1145 1145 1194 nornen
1167 1127 1292 1194 Adonai

466 1237 672 1317 mustitanum
695 1246 731 1304 ut
753 1256 824 1304 cum
846 1237 991 1321 duntur,
1016 1239 1109 1306 llicit
1139 1239 1293 1306 Dominus

465 1351 569 1434 Masi,
609 1353 690 1439 qued
722 1362 820 1438 prout
856 1353 1024 1436 scribitur,
1063 1364 1160 1436 esset,
1199 1353 1293 1420 Dicit

465 1463 612 1532 iehovah
644 1463 746 1560 Moci,
777 1463 860 1530 inter
890 1463 1052 1550 leqendum
1074 1466 1291 1552 proferretur,

467 1574 561 1642 llicit
583 1573 710 1643 Adonai
733 1576 824 1643 blasi.
849 1575 949 1662 Atque
971 1577 1018 1642 ita
1040 1577 1096 1645 hnc
1117 1595 1232 1645 nuncu
1247 1578 1292 1644 le-

465 1698 551 1773 quut.
575 1689 699 1754 Numen
721 1699 826 1755 autern
848 1689 976 1758 Adonai
1000 1689 1219 1779 interpretanti
1248 1703 1294 1760 est

466 1801 640 1869 Dominus.
664 1801 747 1870 llice
768 1803 897 1888 facturn,
920 1814 956 1870 ut
978 1805 1189 1892 interpretum
1211 1825 1292 1874 non-

370 1994 373 2002 ·
467 1912 547 1979 ualli
569 1931 682 1980 uonna
704 1917 760 1983 hnc
776 1919 867 2002 quasi
890 1918 1018 1986 Adonai
1041 1920 1192 2006 scriptum
1206 1929 1292 2002 emet,

468 2025 647 2094 Dominum
669 2043 778 2112 nempe
799 2027 1015 2095 reddiderint:
1038 2029 1098 2096 alii
1119 2031 1162 2096 ad
1185 2031 1293 2096 literas

463 2137 672 2224 primiqeuias
694 2138 839 2204 animum
852 2141 1044 2206 adparentes
1066 2140 1102 2206 in
1124 2151 1213 2208 natu
1227 2143 1294 2208 Do-

466 2249 593 2318 minum
615 2253 786 2337 pauserint,
801 2252 838 2318 in
859 2253 1003 2338 ncarqiue
1019 2271 1091 2320 cero
1115 2253 1222 2320 literas
1237 2255 1294 2322 ad-

465 2364 668 2450 scripserint,
693 2365 800 2450 quales
830 2366 915 2452 apud
938 2367 1092 2432 Hebraeos
1116 2367 1294 2453 pinquntur

467 2475 599 2547 illarum
623 2478 753 2563 termae
781 2480 870 2558 Quod
899 2497 1014 2565 maqne
1048 2479 1134 2566 apud
1158 2479 1293 2548 Graecas

466 2589 568 2656 errem
591 2599 694 2656 ortum
716 2589 820 2673 dedit,
844 2590 898 2676 qui
921 2591 998 2658 adea
1021 2591 1104 2657 altas
1136 2593 1220 2672 inter
1242 2611 1293 2659 ecs

465 2703 587 2768 radices
609 2702 691 2786 eqit,
714 2713 750 2769 ut
780 2703 879 2828 'aiam
913 2705 956 2772 ad
983 2705 1079 2792 Syros
1097 2716 1293 2794 propaqctus

465 2815 569 2899 fucrit.
593 2816 627 2881 ls
649 2815 730 2882 unde
753 2817 907 2902 orrqinnn
928 2818 1082 2904 surnpsit,
1106 2819 1161 2887 tibi
1180 2821 1293 2906 paucis

466 2925 637 3012 explicabo.
655 2917 911 3016 Quandoquidem
932 2930 1091 3015 Hebraeis,
1108 2932 1225 3018 quoties
1249 2932 1291 2998 li-

468 3049 551 3104 teras
569 3038 716 3125 pinquat,
740 3058 808 3128 mos
829 3051 875 3108 est
895 3060 919 3107 a
940 3043 1056 3109 dcatra
1076 3044 1292 3111 sinistrorsum

468 3149 504 3215 in
532 3152 692 3220 scribendo
711 3171 841 3240 perpere
852 3177 864 3232 ,·
890 3153 1020 3222 &accis
1049 3173 1122 3222 cere
1144 3177 1161 3222 c
1183 3133 1293 3222 corana

466 3280 488 3328 a
509 3263 642 3330 sinistra
663 3265 863 3334 dextrorsum
873 3293 885 3347 ;
909 3288 980 3336 cum
1003 3271 1142 3337 viderem
1159 3271 1292 3340 &aare

466 3391 539 3442 ram
560 3378 680 3445 scribae
701 3381 822 3466 fianas
844 3379 921 3450 istas
944 3383 1109 3451 literanum
1124 3384 1293 3451 Hebraico-

465 3505 539 3555 rum
563 3489 755 3558 &neruum
790 3493 827 3561 Pi
850 3505 880 3562 et
914 3493 1007 3580 lota,
1033 3505 1070 3564 n.
1104 3507 1127 3565 1.
1151 3499 1290 3584 referre,

466 3617 577 3686 easqrre
601 3601 812 3670 Graecanicas
833 3623 897 3674 esse
916 3619 1074 3694 putarent,
1098 3627 1217 3676 necnon
1239 3629 1292 3676 eas

463 3721 560 3798 prout
581 3723 695 3780 sonant
716 3733 781 3781 non
799 3719 944 3804 prolerre
965 3719 1121 3788 Hebraeos
1143 3721 1291 3789 animad-

466 3836 639 3908 verterenet,
664 3827 709 3894 eis
737 3830 836 3915 jacta
858 3831 1021 3919 alphabeti
1042 3834 1093 3901 sui
1114 3833 1290 3916 rationear,

466 3955 545 4022 quae
582 3938 632 4005 illi
665 3959 761 4027 qum
794 3954 965 4029 sequeretur
999 3946 1132 4014 Hebraei
1163 3955 1292 4013 contra-

466 4049 521 4114 ria
553 4060 622 4134 est,
652 4069 681 4116 *a
713 4053 846 4120 sinistra
878 4057 1080 4125 dextrorsum
1110 4057 1267 4146 perpendo
1282 4081 1305 4132 ,·

466 4162 668 4246 compositis,
709 4163 775 4232 loce
812 4167 1030 4234 characterum
1067 4169 1292 4237 hebraicorum

469 4271 603 4339 Graecae
624 4274 846 4344 abstnuemnt
868 4277 924 4345 bec
945 4279 1010 4364 [ere
1032 4281 1145 4362 rudo,
1170 4287 1211 4344 111
1238 4287 1289 4347 nl.

468 4385 605 4469 cunque
632 4397 740 4472 postca
774 4387 926 4456 timenem
959 4391 1090 4458 ictorum
1120 4393 1292 4460 cadmum

467 4493 617 4582 eliaqrrn
642 4499 762 4568 &acca
793 4501 828 4567 in
855 4503 1020 4590 Syriacam
1049 4507 1292 4592 aqqredmentur

466 4609 561 4697 Suri,
586 4613 813 4681 nanetulerunt
835 4614 943 4683 literas
965 4617 1063 4702 istas,
1093 4619 1209 4706 decepti
1238 4639 1290 4686 er-

465 4741 539 4790 rore
560 4701 615 4810 qui
641 4724 787 4812 pasus
817 4727 929 4814 reque
950 4731 1105 4800 nouam
1129 4733 1290 4821 muru,

466 4847 495 4904 et
521 4837 668 4905 inlibris
688 4838 756 4905 sctis
785 4841 828 4908 ad
853 4843 1029 4932 marqinem
1059 4845 1292 4932 adscripserunt

466 4949 506 5014 lii
542 4949 609 5031 lii,
640 4959 716 5016 nota
749 4949 779 5018 ei
816 4954 940 5020 menei
970 4957 1089 5022 Lllllll
1119 4957 1290 5046 immrito,

466 5059 525 5144 οβ’.
550 5061 613 5128 Ain
636 5071 666 5130 et
688 5065 879 5134 Benedicat.
901 5065 1000 5154 Atque
1022 5069 1098 5136 baec
1120 5070 1208 5157 cripe
1231 5071 1292 5156 luit

466 5175 584 5242 maris
613 5175 668 5262 qui
690 5176 733 5242 lii
755 5177 797 5243 Fi
827 5177 862 5244 in
892 5179 986 5247 libros
1019 5199 1126 5249 sacrae
1159 5183 1289 5253 iavereit.

466 5287 609 5354 88880183
642 5299 687 5356 est
720 5291 830 5360 delam
863 5309 884 5359 a
921 5295 1082 5362 acnmdlic
1115 5296 1151 5363 in
1184 5297 1292 5365 mutin

390 5447 396 5460 .
464 5401 697 5487 eunapiaribns
719 5401 776 5470 iste
798 5423 909 5490 error,
933 5407 980 5474 ita
1001 5419 1036 5476 nt
1066 5409 1106 5476 ab
1135 5409 1291 5496 aliquibus

464 5513 650 5582 scriberetm
671 5515 713 5581 l'i
733 5516 791 5594 lii,
814 5519 854 5584 ab
876 5518 951 5585 atich
978 5519 1122 5604 lebcceb,
1145 5541 1217 5589 cerm
1239 5531 1289 5590 ta-

424 5609 676 5692 ’mendebcc
705 5625 1291 5718 iateruunecconceniat,denutari

468 5735 546 5818 istc,
584 5735 749 5807 Yehcrab.
785 5740 819 5807 Si
857 5741 924 5809 idco
961 5743 1103 5830 reperias
1121 5819 1123 5824 ,
1139 5745 1290 5832 scriptum

466 5846 968 5936 schoenemannus
1001 5855 1196 5926 characteres
1229 5857 1289 5926 ad-

1385 332 1541 419 reliquias
1558 340 1742 417 serverum,
1759 342 1846 398 nnn
1864 333 2011 404 occurrit
2026 339 2082 406 Ps.
2104 339 2225 420 Lxxt,

1386 448 1440 529 rs,
1463 425 1598 516 narica.
1623 446 1662 521 n,
1679 447 1721 514 m
1746 445 2225 535 (armaquearmaque

1383 559 1458 628 loca
1485 559 1648 628 insertum
1679 562 1785 629 textui
1816 561 1979 630 nehmico
2002 564 2147 632 Graecis
2182 563 2224 630 li-

1383 671 1464 741 teris
1488 677 1645 752 exarat03
1671 671 1866 758 saepissime
1890 673 1980 742 nude
2004 675 2165 760 positum
2191 676 2224 743 in

1381 785 1531 872 margine
1555 784 1672 854 Esaiae
1697 784 1823 854 codicis
1851 785 2063 854 Marchaliani
2090 787 2182 856 editi
2207 806 2224 854 a

1384 897 1537 968 Gurterin
1561 897 1594 966 in
1619 915 1682 966 suo
1698 899 1854 986 Procopii
1872 901 1965 969 Com.
1982 901 2016 968 in
2040 904 2099 970 Es.
2121 903 2226 970 Prae

1383 1015 1475 1078 terea
1490 1011 1525 1078 in
1537 1010 1785 1096 appendicibus
1802 1011 1940 1079 llnlmcs
1953 1012 2059 1082 codex
2076 1015 2139 1081 Ps.
2154 1015 2223 1081 268

1383 1123 1481 1194 oneri
1506 1131 1591 1187 nlnt
1616 1123 1780 1192 insertum
1805 1127 1974 1194 contextui
1998 1126 2134 1194 Graeco
2165 1129 2220 1194 ln-

1383 1241 1578 1322 terpretum,
1592 1237 1731 1324 hqruilae
1747 1246 1846 1325 atque
1864 1238 2052 1322 Symmachi
2070 1240 2222 1308 seorsim

1382 1353 1488 1431 XXV,
1517 1353 1554 1430 l,
1579 1352 1716 1434 xxvii,
1743 1355 1781 1436 l,
1807 1351 1995 1436 Symmachi
2018 1353 2151 1433 xxvi,
2177 1353 2219 1434 l,

1382 1463 1546 1532 versionis
1562 1461 1606 1548 ς’,
1632 1465 1710 1534 ibid.
1728 1469 1761 1547 83
1785 1466 1866 1534 item
1882 1464 2000 1534 Erech.
2013 1466 2090 1547 ll,l
2109 1464 2219 1533 coam

1383 1578 1429 1646 88
1452 1577 1486 1644 in
1502 1579 1621 1664 Aquila
1645 1584 1678 1647 et
1702 1579 1901 1664 Symmacho
1925 1577 2037 1660 simul,
2053 1577 2089 1644 in
2108 1578 2217 1645 Theo·

1383 1687 1519 1758 datione
1544 1690 1696 1774 seorsim,
1713 1697 1748 1760 et
1772 1689 1832 1774 sic,
1849 1689 1975 1758 omisso
2000 1692 2215 1776 Symmacho,

1383 1802 1450 1884 86,
1476 1802 1533 1891 qui
1556 1807 1668 1870 tamen
1700 1802 1801 1873 habet
1825 1821 1902 1871 cum
1926 1805 1972 1872 88
1996 1811 2030 1872 et
2058 1807 2214 1890 Symma-

1383 1915 1483 1984 chum
1506 1915 1539 1985 in
1565 1917 1692 1984 lezeciel
1706 1917 1875 1984 crumelum
1896 1917 1980 1984 LXX
1991 1935 2035 1982 ec
2055 1917 2213 2004 Tetraplis

1385 2029 1550 2116 quenis,
1576 2029 1633 2098 ubi
1668 2029 1731 2098 suh
1763 2029 1898 2097 nominc
1923 2029 2048 2099 codicis
2085 2033 2212 2099 Barbe-

1381 2140 1445 2209 rini
1473 2141 1618 2210 affertur.
1647 2145 1789 2211 Demum
1814 2157 1940 2210 nomen
1958 2133 2021 2223 ΓΡ,
2040 2144 2139 2229 quad
2163 2151 2211 2212 est

1384 2251 1594 2322 decurtatum
1630 2255 1670 2322 sb
1706 2253 1764 2322 illo
1800 2244 2207 2334 illil'2describnnt1n

1383 2381 1500 2433 omnes
1530 2367 1737 2451 Interpretes
1772 2367 1826 2435 Es.
1859 2369 1986 2450 xlm
2022 2369 2057 2436 in
2093 2372 2208 2440 codice

1381 2475 1615 2561 Marchaliano,
1632 2479 1724 2564 quod
1740 2478 1773 2546 in
1791 2485 1920 2548 textum
1936 2481 2047 2550 intulit
2071 2489 2138 2553 llm
2155 2486 2206 2566 ts,

1383 2594 1417 2658 el
1443 2605 1485 2657 en
1519 2589 1577 2658 illo
1602 2591 1693 2659 Alex.
1720 2591 1808 2660 char.
1840 2591 1964 2660 minori
1995 2595 2140 2678 sumsit,
2170 2605 2204 2663 ut

1382 2707 1476 2786 porto,
1501 2708 1535 2770 et
1559 2705 1611 2770 Ps.
1637 2704 1768 2788 van,
1793 2707 1814 2772 5
1838 2705 1873 2772 in
1898 2713 2058 2778 conmxtu
2080 2693 2203 2778 amero

1384 2815 1599 2900 Symmachus
1624 2823 1658 2884 et
1680 2817 1790 2885 versio
1814 2816 1847 2882 E‘
1874 2819 1907 2887 in
1941 2823 2089 2892 Eusebio
2113 2831 2148 2892 et
2173 2824 2202 2890 in

1382 2926 1536 2996 Editione
1561 2931 1717 2996 Romana.
1743 2931 1900 3000 Fortasse
1924 2939 1958 2999 el
1983 2933 2062 3002 alibi
2090 2934 2201 3004 similia
2306 3013 2307 3022 χ

1382 3047 1524 3124 exstant,
1537 3042 1597 3111 sed
1608 3041 1689 3111 mihi
1706 3043 1880 3130 hucusque
1892 3061 1960 3114 nan
1974 3053 2197 3114 occurremur.

1423 3154 1496 3221 Sed
1512 3171 1578 3240 quo
1602 3155 1760 3240 pauciora
1777 3157 1891 3224 Graeci
1916 3157 2062 3242 codices,
2080 3175 2120 3226 ec
2134 3175 2199 3226 ma-

1379 3266 1453 3352 jora
1477 3267 1518 3336 de
1541 3267 1606 3336 hoc
1630 3269 1704 3336 tuiti
1729 3273 1807 3337 sunt
1832 3270 1964 3338 codices
1988 3271 2084 3356 Syri,
2107 3286 2197 3358 quae,

1381 3379 1459 3448 licet
1481 3380 1592 3448 minus
1615 3389 1706 3450 recte
1722 3383 1900 3466 interdum,
1918 3383 2084 3452 enarravit
2099 3391 2131 3452 et
2145 3381 2197 3450 ali·

1382 3491 1578 3578 quantulum
1590 3495 1801 3578 pertractarit
1815 3495 1938 3564 Hareth
1951 3495 1984 3564 in
1998 3497 2194 3566 praeteriere
2306 3493 2307 3498 ’

1381 3605 1571 3692 praeposita
1588 3623 1667 3675 suae
1690 3607 1835 3676 versioni
1860 3611 2077 3678 pentateuchi
2097 3607 2192 3692 ipsius

1382 3723 1493 3786 textus
1517 3719 1822 3806 Syro-Heraplaris,
1839 3739 1938 3806 qnam
1963 3723 2070 3808 prouti
2092 3723 2187 3788 exstat

1381 3831 1497 3900 mutila
1520 3831 1553 3899 in
1579 3833 1750 3902 codicibus
1774 3835 1965 3921 Bodleianis
1989 3833 2075 3905 dedit
2095 3833 2186 3901 latine

1381 3943 1492 4015 white
1526 3945 1560 4012 in
1584 3948 1686 4012 better
1708 3957 1739 4014 to
1773 3947 1823 4016 tbe
1857 3948 1974 4036 Bnhop
2002 3951 2037 4036 cf
2056 3946 2190 4024 madon,

1382 4063 1560 4143 postquam
1591 4063 1720 4142 partem
1745 4075 1785 4127 er
1810 4059 2026 4128 translatione
2055 4055 2192 4130 Pocccke

1379 4173 1447 4258 jam
1463 4171 1601 4240 dederat
1624 4171 1757 4240 ildrich
1783 4173 1825 4241 ad
1848 4175 1950 4242 linem
1973 4157 2123 4242 Aristeae
2144 4169 2193 4241 lli·

1382 4283 1506 4352 sturiae
1529 4285 1625 4367 Lxx,
1643 4285 1730 4352 unde
1755 4305 1815 4354 sua
1839 4285 2027 4372 desumpsit
2052 4285 2142 4370 liody
2157 4283 2194 4349 lle

1356 4395 1462 4462 ,hibi
1487 4405 1561 4462 tect.
1586 4407 1640 4463 etc.
1666 4414 1697 4482 p.
1715 4399 1794 4482 597,
1812 4401 1889 4484 lon,
1910 4401 2028 4482 osa-5,
2053 4407 2087 4468 et
2110 4412 2192 4484 repe·

1382 4507 1454 4575 tivit
1478 4507 1597 4578 While.
1624 4510 1754 4594 Integra
1783 4508 1865 4579 haec
1889 4511 2055 4581 Praelatio
2076 4519 2194 4580 exstare

1382 4617 1482 4687 debet
1505 4618 1539 4686 in
1562 4619 1645 4692 nihl.
1671 4623 1765 4704 Vct,
1791 4623 1830 4690 cl.
1856 4623 1939 4706 Mai,
1963 4626 1993 4692 S.
2026 4627 2058 4692 V.
2082 4627 2125 4694 N.
2148 4625 2195 4702 6.,

1382 4733 1434 4815 tv,
1459 4738 1543 4836 part<
1564 4753 1598 4816 n,
1615 4751 1647 4819 p.
1668 4735 1697 4800 l.
1722 4733 1921 4804 Descrihere
1942 4737 2035 4822 juvat
2058 4755 2142 4824 quae
2162 4729 2196 4802 ab

1382 4861 1453 4912 rem
1470 4851 1621 4918 nostram
1643 4845 1777 4930 lachim,
1795 4854 1829 4915 et
1844 4855 1977 4918 exstant
1992 4851 2081 4937 apud
2102 4849 2195 4933 flohy,
2306 4839 2307 4860 ¹

1383 4974 1414 5042 p.
1432 4959 1548 5038 bnt-5,
1566 4959 1655 5045 apud
1671 4959 1781 5030 While
1798 4979 1829 5048 p.
1847 4964 1963 5033 22-23.
1978 4965 2099 5032 -Vemm
2114 4975 2196 5033 entra

1381 5070 1476 5138 etiam
1497 5071 1533 5137 in
1554 5073 1699 5159 marqine
1722 5075 1795 5142 libri
1810 5075 1969 5144 increata
1983 5078 2036 5146 isti
2054 5079 2102 5146 rei
2117 5073 2196 5148 desti·

1381 5187 2196 5280 natacharactercsfflrigenes)nppnucitliebraicoa

1380 5295 1491 5384 quibas
1505 5309 1625 5366 recolat
1638 5319 1789 5386 maqnum
1802 5313 1831 5370 et
1841 5304 2044 5392 mnqnificum
2058 5305 2140 5374 illud
2153 5321 2197 5372 ua

1380 5425 1453 5474 men
1468 5410 1550 5495 qnod
1563 5412 1650 5497 apud
1662 5413 1818 5482 Hebraeos
1833 5415 1924 5483 Sbem
1938 5415 2197 5506 llnmmepharcsl

1380 5521 1478 5591 auda.
1498 5523 1579 5602 meu
1592 5525 1708 5592 scilieet
1722 5527 1884 5596 inimum
1897 5530 2045 5616 querec
2060 5533 2095 5598 in
2109 5531 2197 5616 scrip

1381 5645 1455 5701 tura
1487 5636 1642 5705 Hebraico
1673 5639 1780 5707 literar
1810 5643 1939 5709 Domini
1968 5663 2081 5711 nomen
2111 5639 2198 5714 corti·

1380 5755 1500 5832 unctes,
1523 5768 1603 5835 quae
1624 5769 1738 5819 sanare
1760 5753 1943 5824 uidebamur
1970 5759 2030 5824 Yeb
2058 5757 2135 5841 Yeb,
2157 5749 2197 5819 cel

1385 5860 1445 5928 Yeb
1473 5861 1553 5945 Veh,
1578 5883 1649 5933 cum
1678 5867 1752 5935 l'aco
1781 5869 1969 5939 Hebraicnm
1995 5871 2035 5937 Yc
2067 5871 2195 5956 reserat.
