4760 6450
174 2167 333 2254 puuctum
364 2167 478 2238 literae
511 2207 528 2265 a
557 2129 591 2240 ot
621 2179 743 2258 puncta
776 2173 859 2241 aibat
895 2175 988 2244 initio

172 2279 264 2348 vocis
286 2278 390 2364 prima
412 2297 512 2350 mauu
535 2291 624 2352 sunt.

221 2392 273 2458 ta.
299 2382 352 2455 δυο
370 2391 654 2476 t⁰=subobe103
676 2397 766 2466 Vilm
781 2393 899 2466 deletis
921 2421 989 2472 τους

172 2497 225 2566 δυο
249 2503 420 2572 substituit
441 2527 494 2572 ται
519 2507 547 2573 Η
564 2506 686 2577 omittit
701 2507 772 2591 duo,
789 2508 849 2577 sed
864 2509 988 2580 hahent

171 2614 277 2682 codor
303 2618 345 2684 ta
369 2619 417 2684 be
433 2617 538 2698 hessi,
564 2617 688 2686 relictis
712 2625 820 2688 umen
844 2622 1006 2705 punctis,'

87 2747 89 2756 ,
171 2732 208 2792 ut
232 2726 488 2812 reprobandum,
513 2735 547 2796 et
569 2731 605 2796 P.

216 2841 308 2905 storo
331 2865 379 2894 =
402 2851 460 2911 -t-
484 2833 522 2912 Χ
546 2845 576 2900 Σ.
601 2846 639 2907 Θ.
663 2861 755 2903 aureo
782 2802 831 2910 tl.

220 2950 276 3016 19.
297 2967 448 3036 mephat&
467 2975 513 3006 =
535 2960 594 3021 -Ι-
617 2945 655 3022 ※
672 2951 761 3017 XO.
789 2945 986 3022 αυτωνόᾞ

167 3074 240 3126 nou
263 3055 362 3124 hahet
384 3057 553 3142 suffixum,
577 3055 710 3128 addunt
725 3066 834 3130 tamen
853 3061 933 3136 0nk,
950 3066 986 3150 Ρ,

165 3171 227 3246 hr,
245 3167 381 3236 tiberius
396 3157 539 3254 quidem,
554 3177 587 3239 et
602 3170 649 3240 sio
665 3178 747 3256 puto
763 3172 879 3242 iecisse
896 3175 986 3267 Sym·

165 3278 325 3348 maehum
349 3287 383 3347 et
406 3280 692 3363 theodotionem
723 3281 886 3352 namhoc
920 3300 987 3352 uon

167 3391 343 3460 crederem
367 3392 516 3460 traducta
539 3391 621 3477 sigla
643 3410 683 3461 os
707 3415 805 3458 αυτων
835 3394 987 3480 sequenti

167 3509 249 3588 post
264 3493 410 3591 πτιρυξιν,
424 3504 513 3589 quod
529 3511 632 3572 testes
647 3505 733 3574 LXX
746 3509 842 3574 itmm
854 3505 986 3588 hahent,

168 3615 222 3682 hic
251 3621 365 3684 contra
388 3637 487 3679 αυτων
510 3615 635 3686 addunt
664 3623 791 3685 tautum
822 3619 918 3684 Hmm
944 3620 985 3685 th

169 3733 202 3794 et
219 3727 267 3793 72
290 3725 405 3794 affines
436 3734 563 3807 nostro,
589 3727 701 3796 Scdui.
727 3729 816 3796 Soet.
840 3734 874 3796 et
896 3727 984 3796 hrm.

169 3837 268 3918 Quod
291 3838 506 3922 Symmachus
528 3845 562 3907 et
586 3838 770 3908 Theodotio
793 3839 986 3922 offerebant,

169 3949 233 4017 sub
259 3949 416 4022 asterisco
439 3949 611 4024 inductum
633 3951 709 4032 fuit3
733 3950 797 4020 uisi
820 3941 929 4021 umen
953 3959 986 4025 et

171 4059 203 4128 iu
227 4063 258 4130 tt
283 4076 341 4128 eos
365 4060 484 4145 legisse
508 4062 690 4146 putandum
722 4081 786 4130 una
810 4079 886 4135 cum
914 4064 986 4133 aliis

170 4171 411 4257 interpretibus
441 4189 542 4258 supra
572 4173 678 4242 altatis
690 4198 700 4253 ;
732 4191 795 4242 una
819 4169 991 4244 enimvero.

172 4283 267 4353 iitera
299 4299 361 4370 pro
384 4283 445 4352 hac
467 4282 609 4352 lectione
633 4283 817 4371 supplenda
840 4291 929 4354 esset
951 4285 984 4353 in

173 4399 209 4477 o,
234 4395 322 4464 teoto
345 4405 519 4486 ortuum
549 4411 610 4482 mo
634 4403 780 4485 eroco.

208 4505 291 4576 ibid.
304 4507 698 4592 marostichiithcdtid.
712 4507 983 4592 Superlitorat-tt

173 4617 293 4688 tiuoola
317 4625 512 4700 atramento,
536 4619 677 4688 tortasse
700 4619 825 4706 primae
848 4638 984 4704 manus,

174 4729 281 4800 utris
306 4730 482 4800 numeralis
506 4730 619 4802 literae
635 4729 845 4814 iudicaretur,
869 4733 908 4800 ct.
924 4750 982 4802 su·

175 4859 232 4925 pra
255 4843 350 4924 xiii,
373 4843 440 4925 28,
464 4840 523 4912 sed
554 4858 594 4910 ex
626 4841 697 4925 ejus
720 4842 909 4916 conditione
930 4841 983 4912 hic

175 4953 338 5024 msualem
361 4959 512 5037 potarem
533 4951 697 5022 lineolam.

217 5087 248 5128 ιν
271 5087 339 5139 ταις
356 5054 492 5152 enacim
506 5093 553 5122 =
568 5064 687 5133 collato
703 5065 857 5148 xxxvii,
874 5069 896 5136 9
913 5085 984 5138 cor-

175 5177 314 5261 rigerem
337 5153 488 5282 ἰ-ιξῦ,
511 5180 549 5243 ut
571 5174 687 5244 reddat
717 5177 887 5246 Graecum·
908 5179 982 5260 uh,

176 5288 223 5354 sot
258 5289 359 5358 edam
392 5289 532 5357 aliorum
565 5286 716 5356 codicum
748 5287 984 5370 commutor

177 5415 259 5482 oues
280 5407 361 5470 suut
383 5401 496 5470 afflues
521 5403 585 5482 tc,
608 5400 675 5481 tte,
698 5401 764 5482 72,
787 5400 842 5486 qui
871 5400 984 5488 ierunt

176 5531 242 5584 ταις
262 5501 406 5600 muttit.

219 5615 361 5710 χφωόιμ
374 5649 421 5686 ==
435 5624 497 5694 suh
520 5622 614 5696 litera
636 5640 659 5696 ‘e
682 5628 733 5692 est
756 5639 891 5706 rasura,
913 5622 982 5690 tor·

178 5739 262 5804 tasse
285 5735 408 5821 cuncti

1077 2164 1182 2238 ¹literis
1206 2168 1338 2254 scripta,
1357 2175 1391 2236 et
1405 2167 1534 2238 civitate
1551 2168 1681 2252 donata,
1698 2186 1774 2238 cum
1797 2173 1895 2240 eham

1079 2277 1112 2346 in
1136 2281 1161 2346 P
1186 2287 1339 2349 occurrat
1362 2283 1382 2350 3
1406 2283 1483 2364 hog.
1508 2281 1583 2362 vu,
1607 2281 1646 2363 o,
1671 2281 1728 2349 uhi
1760 2282 1893 2368 quidem

1078 2389 1132 2457 Ph
1154 2389 1268 2458 scribit
1289 2381 1476 2474 sntio-ha.

1122 2501 1202 2569 lbid.
1221 2503 1268 2574 ‚ad
1291 2525 1418 2591 τορωτα
1442 2504 1515 2588 Syri
1545 2521 1647 2591 marg.
1671 2516 1705 2570 a.
1729 2507 1892 2576 decortice-

1077 2623 1162 2695 tam,
1188 2631 1248 2682 seu
1270 2627 1439 2684 commun.
1464 2624 1496 2683 Σ.
1521 2625 1557 2684 Θ.
1583 2627 1727 2703 touch,
1751 2638 1833 2704 seu,
1857 2630 1894 2688 ut

1075 2738 1156 2791 rece
1179 2731 1257 2792 utor
1273 2727 1496 2812 hexaplorum
1519 2746 1547 2792 v.
1569 2731 1623 2805 35,
1638 2751 1894 2821 εκτετορνιυμνα.

1052 2829 1189 2902 'Lectio
1214 2834 1347 2920 quidem
1371 2838 1557 2922 Symmachi
1582 2846 1616 2907 et
1640 2841 1897 2920 Theodotionis,

1077 2961 1160 3028 quae
1184 2946 1299 3014 eadem
1323 2955 1375 3016 est
1399 2966 1436 3016 ac
1465 2947 1499 3014 iu
1523 2956 1616 3018 testu
1640 2958 1774 3035 praeter
1796 2954 1898 3039 scrip-

1077 3062 1185 3127 turam
1220 3058 1382 3126 diuersam
1417 3059 1567 3144 ejusdem
1605 3061 1721 3142 vocis,
1759 3063 1800 3130 de
1835 3081 1898 3148 qua

1077 3167 1191 3235 conier
1222 3179 1290 3236 not.
1323 3171 1555 3253 praecedent,
1587 3171 1710 3241 indicat
1742 3173 1890 3244 differen-

1078 3277 1156 3345 tiam
1179 3280 1268 3348 vocis
1298 3280 1402 3350 tuisse
1425 3281 1458 3348 in
1483 3283 1631 3364 Graeco,
1657 3289 1694 3352 ut
1725 3285 1823 3368 aiibi,
1857 3289 1896 3356 ct.

1076 3407 1177 3475 supra
1200 3392 1253 3473 tx,
1277 3393 1331 3460 32.
1356 3393 1393 3460 ln
1416 3392 1533 3478 Aquila
1558 3394 1663 3462 codex
1688 3396 1820 3481 quidem
1848 3400 1896 3466 sic

1075 3481 1156 3586 iegit
1178 3518 1239 3586 per
1263 3513 1298 3586 t,
1322 3505 1382 3582 sed
1406 3504 1492 3572 iutra
1515 3522 1546 3572 r.
1570 3507 1615 3574 30
1638 3523 1700 3592 per
1722 3498 1759 3588 3,
1785 3518 1818 3578 et
1849 3512 1895 3578 sic

1077 3612 1208 3698 corrigo
1232 3620 1265 3682 ot
1288 3614 1342 3684 hic
1366 3601 1481 3692 lusi,
1508 3617 1623 3698 Quoad
1646 3635 1783 3697 sensum
1806 3623 1896 3692 vocis

1076 3724 1148 3793 sine
1164 3727 1324 3812 exemptis
1341 3727 1441 3794 refert
1457 3726 1624 3798 Michaelis
1641 3730 1893 3820 derivata‚·quec

1076 3835 1184 3923 aliqua
1209 3839 1416 3908 correctione
1449 3838 1621 3924 indigent,
1644 3842 1705 3910 sed
1735 3861 1797 3929 pro
1820 3863 1894 3914 rer-

1075 3949 1170 4018 sioue
1194 3951 1432 4020 confirmantur
1455 3956 1554 4021 etiam
1579 3971 1624 4021 ex·
1648 3956 1769 4026 horico
1792 3960 1894 4044 Syro-

1076 4061 1207 4128 urabico
1231 4079 1290 4130 ms.
1307 4061 1531 4132 bibliothecae
1547 4064 1801 4150 Ambrosianum
1823 4069 1893 4156 ipsa

1074 4170 1179 4238 forma
1202 4171 1280 4240 Peal
1304 4173 1447 4242 occurrit
1470 4175 1625 4243 Proverh.
1651 4177 1765 4258 xxiii,
1789 4181 1829 4246 ct
1857 4181 1891 4248 in
1936 4191 1941 4197 ·

1076 4280 1303 4367 seboimque
1327 4282 1513 4354 declaratur
1535 4301 1657 4355 nomeu
1674 4272 1771 4364 ios-uo
1786 4311 1891 4379 υπιρον

1033 4445 1037 4454 .
1074 4397 1197 4478 textus,
1211 4401 1263 4464 est
1285 4410 1384 4468 roro:
1409 4405 1476 4458 ere
1492 4370 1580 4485 ufir
1596 4378 1693 4460 obs&
1712 4379 1772 4472 iae
1794 4383 1891 4476 tasso

1065 4504 1174 4588 ’μ’
1201 4485 1291 4582 >du
1315 4511 1408 4600 >⁰r³⁰
1431 4490 1468 4582 ot
1493 4492 1591 4584 butt
1615 4489 1764 4584 ..ωῑέ
1785 4533 1890 4599 caspe

1073 4597 1169 4688 bibe
1193 4625 1281 4682 oocot
1310 4616 1388 4684 iliud
1419 4636 1478 4702 qaae
1501 4618 1570 4703 ouis
1600 4618 1702 4708 tundit
1728 4620 1888 4704 ptisanam

1072 4736 1128 4808 ortt
1149 4726 1224 4812 qaid
1245 4727 1355 4795 simite.
1380 4727 1447 4795 sod
1471 4745 1546 4796 cum
1574 4728 1745 4798 tundendo
1769 4729 1887 4800 decor-

1073 4835 1194 4906 ticetur
1219 4837 1369 4921 ptisana,
1391 4837 1554 4907 incertum
1578 4838 1658 4927 quid
1689 4841 1888 4912 adamussim

1073 4961 1136 5012 vox
1151 4945 1323 5032 significet,
1338 4965 1377 5016 ao
1392 4949 1546 5030 omnihus
1558 4951 1696 5034 scitatis,
1710 4953 1809 5022 etiam
1825 4957 1887 5024 tte-

1046 5065 1049 5074 ’
1072 5056 1181 5128 hraica
1197 5057 1306 5128 radice
1322 5059 1449 5145 eadem,
1463 5069 1616 5148 putarem
1632 5064 1769 5134 verbum
1784 5065 1886 5150 signi-

1073 5169 1170 5240 ticare
1205 5170 1311 5255 primo
1342 5173 1489 5256 tondeo,
1521 5176 1571 5244 rol
1603 5175 1702 5243 etiam
1736 5177 1888 5245 muscae

1071 5283 1226 5368 trocheo,
1250 5299 1287 5350 ac
1311 5281 1387 5360 doio
1410 5285 1615 5352 decorticare:
1638 5293 1746 5354 utram
1770 5287 1887 5357 habeat

1073 5393 1126 5462 hio
1155 5393 1426 5478 significationem
1457 5411 1520 5462 ror
1547 5381 1649 5474 iuni
1682 5413 1748 5465 nou
1781 5399 1887 5468 audeo

1073 5503 1228 5586 definire;
1251 5505 1468 5574 huncouans
1490 5513 1625 5592 etymon
1648 5508 1757 5595 ipsum
1780 5513 1809 5580 h
1833 5527 1886 5580 re-

1072 5615 1183 5684 terret.
1208 5617 1244 5684 iu
1268 5621 1361 5686 textu
1392 5631 1494 5702 super
1517 5653 1535 5710 ς
1557 5616 1648 5686 vocis
1671 5599 1810 5728 ...μρ
1837 5638 1888 5688 ra-

1074 5745 1150 5800 sura
1182 5729 1317 5815 conch,
1340 5729 1390 5800 vet
1414 5735 1623 5818 ,punctorum
1646 5742 1666 5808 ’s
1688 5731 1739 5802 rel
1763 5747 1805 5811 s,
1830 5733 1889 5802 scd
