4760 6450
218 1576 278 1648 aad
302 1589 366 1662 poa
388 1587 526 1644 sensam
548 1574 635 1644 bene
650 1571 773 1656 reddit;
793 1575 934 1644 lormam
950 1595 1035 1664 ιργιν

218 1679 382 1756 dua-eorm
405 1687 440 1756 in
463 1688 537 1756 iooo
561 1687 719 1772 parallelo
743 1689 948 1771 xxxv111‚t
964 1685 1039 1756 red-

127 1841 140 1868 .
220 1797 271 1871 dit
293 1799 365 1869 sine
388 1783 468 1883 »οἷς
489 1799 549 1870 sed
571 1799 618 1868 ibi
641 1799 722 1869 item
747 1801 782 1884 P,
808 1799 886 1868 iicet
909 1803 938 1869 Η
962 1799 1049 1868 idem

219 1911 265 1984 sit
287 1911 419 1998 ubique.

266 2047 328 2088 omo
347 2053 395 2082 =
416 2045 477 2094 tm.

261 2141 353 2207 κλιτη
369 2165 417 2196 =
430 2147 490 2210 ÷
507 2131 545 2210 >,<·
560 2143 595 2202 Γ.
623 2157 719 2201 aaron
734 2133 756 2190 ⁴
767 2184 775 2201 .
798 2138 864 2204 Pro
878 2171 916 2246 Q
930 2143 955 2200 Γ
982 2135 1048 2204 lor·

223 2257 312 2320 tasse
335 2243 625 2335 legendumk‘n„
641 2249 701 2318 sed
727 2248 809 2318 illud
832 2248 1046 2334 probabilius.

264 2365 297 2432 b.
321 2383 429 2436 aeroas
450 2389 498 2420 --·
520 2383 616 2432 euros
640 2365 703 2429 iim
727 2361 771 2429 72
795 2379 871 2430 enm
902 2365 952 2443 it;
984 2377 1047 2431 neo

221 2475 294 2562 ipse
318 2477 382 2558 tls,
406 2475 512 2542 torma
535 2491 604 2542 non
627 2473 844 2558 rediberens,
866 2475 953 2543 iavet
975 2475 1044 2558 ΕΗ,

220 2603 360 2674 manum
376 2586 410 2655 in
433 2603 566 2672 genera,
582 2603 652 2655 non
667 2586 701 2654 in
718 2603 857 2656 numero
874 2587 1045 2666 eonvenit;

222 2701 340 2786 Syrum
357 2721 454 2769 ueras
470 2705 552 2788 puto
569 2698 725 2767 babuisse
741 2715 816 2768 oum
833 2699 866 2768 in
883 2697 1043 2784 singulari

221 2811 319 2897 tegat,
334 2811 394 2881 sed
411 2827 516 2896 genus
540 2818 748 2880 commutans
766 2811 879 2880 retulit
901 2813 1043 2880 tortasse

218 2925 260 2994 ad
278 2905 378 3017 ἰς-’ἆὰ
394 2945 479 3014 eppo,
496 2941 571 2992 oum
587 2923 791 3010 praecedens
804 2903 983 3006 Ualen&
999 2943 1041 3010 sp

219 3055 349 3123 ιιχαρᾳ,
366 3034 418 3102 oui
435 3036 587 3120 retertur,
604 3035 648 3104 sit
664 3036 696 3104 in
714 3038 797 3120 Syro
813 3035 904 3118 lem,
919 3042 958 3103 ut
980 3053 1039 3122 pa-

218 3153 324 3216 teter
348 3165 377 3214 r.
395 3163 464 3232 seq.
488 3153 523 3216 et
536 3149 708 3229 xxxviii,
733 3149 763 3215 o.
781 3149 885 3215 Error
899 3147 1040 3216 tortasse

218 3258 429 3328 amanuensis
454 3265 525 3336 est:
547 3259 611 3330 nisi
634 3267 735 3328 etnam
758 3259 941 3328 eorrexerit
965 3261 1039 3329 ort·

218 3387 319 3456 penes
342 3393 418 3436 αυτι
441 3389 482 3440 ex
506 3371 746 3458 interpretibus
770 3371 956 3458 legentibus
983 3393 1038 3437 κο-

218 3503 373 3571 compe,
397 3490 431 3552 et
461 3483 678 3552 comestionis
708 3490 808 3552 notae
832 3482 1037 3567 deciderint,

219 3593 278 3663 sed
298 3595 366 3680 iam
389 3595 531 3664 vidimus
554 3595 588 3664 in
619 3595 718 3664 simili
743 3611 822 3664 oasn
845 3595 967 3678 XXVI,
994 3595 1037 3664 ld

220 3721 260 3774 aa
283 3712 377 3775 textu
400 3714 605 3778 commutare
628 3723 745 3794 penus.

263 3820 296 3887 d.
320 3841 365 3899 τῳ
387 3817 586 3909 &tempto
601 3839 757 3910 αναφιρεις
766 3847 814 3878 ==
824 3805 981 3910 αναφορὶις
993 3841 1039 3901 τῳ

219 3928 424 4020 mesonpa,
440 3951 607 4020 αναφοριιςι
627 3932 707 4000 item
723 3935 762 4016 Η,
779 3932 838 4001 sed
854 3931 1039 4000 meandum

219 4061 373 4132 αναφοριις
396 4043 519 4112 omittit
541 4043 648 4112 nodos
670 4061 758 4112 nnus
782 4047 809 4112 Η
834 4043 1022 4114 Kennioott.

263 4173 418 4244 αναφοριις
440 4155 478 4224 2⁰
493 4155 526 4224 in
551 4157 636 4240 Syro
646 4181 694 4212 ==
705 4163 736 4219 Α.
750 4161 781 4218 ι.
796 4163 832 4218 e.
848 4165 921 4224 rete.
938 4155 1039 4224 niuea

219 4281 316 4336 onrra
332 4275 367 4337 et
381 4283 518 4336 rsenrra
534 4265 616 4352 sipla
640 4273 836 4352 separantur
851 4283 869 4335 a
885 4266 1039 4337 tertioue.

219 4381 320 4450 tuden
345 4379 481 4467 paridem
505 4379 593 4448 idem
617 4378 651 4446 in
675 4383 768 4446 textu
784 4387 818 4448 et
833 4379 992 4465 margine,
1006 4385 1041 4449 et

219 4499 271 4562 ast
293 4491 352 4562 ubi
375 4491 527 4575 iudieari,
550 4488 611 4560 sed
633 4489 856 4576 minuendum,
877 4497 916 4560 ut
936 4497 1040 4578 patet,

219 4605 291 4673 roei
313 4627 335 4674 ιι
359 4625 478 4694 upupa
500 4619 530 4671 ι.
557 4605 590 4688 ll,
614 4603 672 4674 nbi
695 4601 729 4671 in
753 4606 781 4672 ll
805 4610 858 4672 esi
881 4594 1041 4686 ΠΨἹΠ,

221 4715 311 4800 quod
326 4705 447 4780 laneo
463 4714 608 4786 reddum
618 4713 694 4784 alibi
706 4717 802 4801 titx,
815 4715 1041 4802 Symmachus,

220 4833 255 4896 et
276 4827 424 4898 resoluta
446 4827 553 4896 torma
586 4830 613 4895 Η
645 4844 707 4914 per
728 4819 894 4908 διιτυωτον
916 4846 946 4897 ι.
970 4831 992 4898 t
1014 4849 1043 4894 οι

221 4945 330 5006 boso.
341 4941 390 5010 lte
406 4941 485 5010 onie
500 4940 575 5008 ioco
589 4955 670 5009 roro
685 4941 851 5010 retrabam
866 4941 1044 5011 lectionem

220 5053 302 5124 baec
324 5071 380 5124 me
404 5060 538 5138 tenent,
565 5051 710 5140 primurn
735 5051 826 5140 qnod
848 5053 1044 5124 mutandum

219 5151 470 5270 uuo-lapsae
487 5167 522 5235 ιι
539 5151 709 5270 lapsam,
724 5175 763 5234 ua
785 5167 902 5236 reddat
918 5157 1043 5232 bewe·

219 5299 281 5355 τιν,
296 5287 335 5348 ιιι
351 5279 385 5348 in
404 5287 497 5348 testu
514 5277 581 5348 illie
596 5276 735 5368 etjalibi,
752 5280 936 5349 secundnm
953 5279 1044 5366 quand

222 5392 335 5479 potins
350 5397 429 5461 tuno
442 5393 618 5478 eonjnnota
634 5391 753 5460 inisset
768 5390 866 5460 lentio
879 5407 954 5461 oum
970 5409 1045 5479 par-

222 5509 256 5572 te
272 5503 345 5590 etos
362 5503 468 5589 prima
489 5480 620 5582 passe
636 5487 710 5587 sal,
725 5525 897 5594 aarum
920 5505 953 5574 in
977 5509 1045 5575 lte·

223 5613 339 5701 naplis
365 5617 448 5686 nnio
465 5631 546 5684 raro
571 5615 646 5684 tono
669 5635 825 5706 αναφριις
847 5618 958 5687 refero
980 5617 1044 5688 leo·

225 5725 350 5798 donem
373 5735 571 5816 sequentem
593 5737 627 5796 Α.
650 5735 681 5796 a
705 5737 741 5794 e.
765 5739 873 5816 omo,
890 5745 975 5818 qnae
998 5731 1045 5800 in·

1125 1579 1350 1664 interpretum
1373 1573 1407 1648 in
1439 1579 1468 1650 Η
1491 1573 1652 1648 vertendo
1679 1575 1765 1664 tert„
1789 1582 1827 1648 ut
1857 1585 1947 1667 patet

1129 1707 1168 1760 ιι
1193 1691 1291 1758 [ιιι.
1317 1692 1358 1764 ad
1382 1693 1548 1778 derepta,
1573 1699 1608 1760 et
1630 1709 1671 1760 ιι
1694 1691 1777 1762 loeis
1800 1709 1879 1762 mox
1901 1693 1948 1762 ai·

1127 1801 1283 1870 ierendis.
1309 1805 1483 1872 Praeterea
1507 1805 1632 1887 XXXV,
1651 1804 1693 1871 l7
1711 1805 1770 1889 (to
1786 1807 1828 1890 Η)
1845 1807 1948 1891 Syrus
2021 1895 2042 1904 ‚.

1128 1913 1268 1984 deditio
1285 1921 1377 1984 textu
1391 1887 1604 2000 llo-lepko,
1621 1916 1774 2002 apposito
1791 1917 1824 1984 in
1843 1935 1945 2004 marg.

1127 2047 1180 2090 και
1202 2049 1239 2091 το
1263 2049 1445 2115 emanante«
1469 2027 1556 2114 (sio),
1582 2034 1615 2097 el
1638 2031 1810 2112 xxxviii,
1835 2033 1866 2113 lt,
1890 2029 1947 2116 qul

1128 2143 1180 2206 est
1209 2137 1303 2210 locus
1334 2139 1514 2225 parallelus
1545 2145 1683 2220 nostro,
1708 2141 1743 2208 in
1776 2147 1869 2208 textu
1897 2148 1948 2210 est

1125 2224 1262 2330 llo-M
1285 2269 1428 2339 ισχαραν,
1453 2250 1486 2318 iil
1510 2263 1612 2335 marg.
1638 2269 1799 2336 anonyme
1825 2231 1946 2334 ΙῙέὶὶᾸ,

1128 2369 1280 2447 quaeest
1303 2362 1391 2431 idem
1408 2379 1445 2431 ao
1461 2361 1514 2430 bio
1537 2381 1674 2444 nomeu;
1699 2364 1876 2451 utrobique
1892 2377 1949 2434 en·

1128 2479 1195 2542 tem
1219 2479 1246 2542 Η
1272 2475 1376 2542 utitor
1399 2474 1515 2543 eadem
1538 2493 1576 2544 ao
1607 2475 1660 2544 bio
1683 2493 1773 2546 roeo.
1806 2480 1947 2546 Domum

1127 2605 1261 2649 mov
1285 2586 1385 2655 veno
1407 2563 1637 2672 sywell-ars
1662 2591 1760 2659 neore
1783 2589 1908 2674 xxvn,
1927 2593 1947 2657 ι

1130 2697 1162 2766 in
1186 2702 1291 2780 testu,
1307 2703 1341 2766 et
1363 2697 1465 2766 Amos
1488 2699 1543 2782 tx,
1560 2700 1582 2767 9
1598 2699 1632 2766 in
1656 2702 1772 2786 Aquila
1796 2709 1830 2770 et
1854 2705 1947 2788 sym-

1128 2807 1268 2890 maobo,
1291 2808 1348 2876 ubi
1373 2813 1400 2877 Η
1425 2809 1531 2878 utitur
1553 2827 1633 2879 roce
1658 2813 1807 2896 ejusdem
1835 2813 1950 2900 stirpis

1128 2937 1167 2988 ae
1188 2919 1253 2988 bie.
1278 2919 1398 3000 Quidni
1423 2938 1503 3006 erpo
1527 2922 1560 2989 in
1585 2923 1666 3007 Syra
1690 2919 1833 2993 leetione
1849 2923 1950 2994 lateat

1128 3051 1299 3120 κοσκινωμα
1336 3033 1583 3119 nemptonum,
1615 3051 1713 3120 qnam
1748 3035 1950 3106 rarissimam

1128 3159 1244 3212 rorem
1268 3143 1439 3214 notionem
1463 3145 1597 3232 quidem
1620 3146 1711 3216 roeis
1734 3169 1868 3212 κοσκινιν
1891 3147 1948 3216 ba·

1129 3255 1220 3340 bere,
1237 3255 1297 3324 sed
1320 3273 1360 3326 ex
1385 3257 1458 3342 ipso
1475 3265 1633 3328 contentu
1657 3259 1737 3345 quid
1760 3260 1867 3330 simile
1883 3262 1948 3330 ori·

1128 3367 1190 3436 bro
1214 3369 1326 3454 potius
1350 3385 1448 3455 qoam
1475 3371 1621 3440 cribrum
1652 3387 1768 3440 rernm
1804 3373 1949 3443 indicare

1128 3487 1245 3550 noster
1263 3481 1482 3568 indicaverit,
1506 3499 1567 3553 neo
1589 3485 1694 3567 male,
1718 3493 1752 3553 et
1776 3487 1852 3555 ideo
1874 3487 1950 3556 red-

1129 3589 1261 3676 diderit,
1276 3599 1314 3662 ut
1330 3594 1428 3663 leuitt
1443 3594 1605 3681 liquidem
1621 3595 1700 3682 qnid
1716 3597 1806 3666 dubii
1824 3599 1853 3667 ei
1870 3599 1949 3668 bae·

1129 3703 1213 3772 sisse
1229 3705 1271 3773 de
1287 3705 1349 3774 bac
1363 3723 1444 3776 rooe
1460 3708 1665 3778 subobscure
1681 3709 1789 3778 innuit
1812 3711 1884 3797 ipse
1900 3712 1950 3780 in-

1129 3816 1178 3884 ira
1190 3818 1315 3900 xxxv,
1331 3821 1385 3900 tr,
1401 3819 1468 3901 nbi,
1494 3828 1530 3888 ut
1554 3817 1663 3905 retuli,
1687 3821 1750 3890 alia
1768 3837 1849 3892 roos
1866 3839 1947 3892 usus

1129 3927 1164 3996 in
1187 3935 1290 4014 textu,
1314 3930 1376 3998 sibi
1401 3943 1468 4032 non
1492 3940 1649 4002 constans
1673 3934 1707 4002 in
1730 3951 1811 4005 rone
1830 3937 1948 4008 eadem

1130 4041 1212 4125 Syra
1235 4042 1440 4128 usurpanda,
1463 4045 1573 4130 ipsum
1597 4048 1758 4118 Graeonm
1783 4050 1948 4136 apposuit,

1130 4151 1245 4236 quasi,
1270 4157 1306 4220 ut
1328 4167 1368 4222 es
1393 4154 1465 4224 aliis
1488 4155 1562 4243 eius
1585 4158 1668 4228 loeis
1701 4159 1865 4242 arbitror,
1890 4161 1948 4246 Sp·

1131 4277 1201 4330 ram
1223 4277 1339 4332 rorem
1362 4281 1429 4335 non
1449 4267 1615 4356 judiearet
1636 4269 1776 4342 reddere
1800 4272 1951 4342 adamus-

1131 4374 1194 4444 sim
1218 4377 1384 4450 Graecam.
1409 4383 1524 4452 Prouti
1547 4391 1601 4454 est
1623 4390 1733 4456 tamen
1750 4389 1831 4472 Syra
1847 4385 1947 4456 lentio

1130 4485 1254 4572 aliquid
1283 4489 1426 4563 tortasse
1449 4511 1545 4581 passa
1576 4503 1646 4579 est,
1669 4497 1811 4568 iomasse
1833 4499 1948 4568 delen·

1131 4597 1211 4668 dnm
1235 4616 1259 4683 ι,
1284 4601 1329 4672 ita
1353 4611 1389 4672 ut
1413 4605 1456 4674 stt
1476 4585 1591 4680 lbi-3
1607 4590 1680 4689 sal,
1696 4608 1785 4693 qnod
1808 4609 1947 4696 propius

1132 4712 1263 4781 abesset
1286 4730 1304 4782 a
1328 4731 1408 4782 roee
1431 4735 1601 4804 ιωσιιιωμα
1618 4731 1680 4802 pro
1695 4719 1812 4805 torma,
1828 4723 1866 4788 ut
1885 4725 1949 4788 sta·

1132 4822 1192 4890 lim
1215 4823 1325 4892 reddit
1346 4847 1423 4916 ιργῳ
1444 4818 1602 4910 dumoso
1630 4847 1691 4918 pet·
1714 4809 1815 4926 lg&
1838 4813 1947 4914 p-al,

1133 4919 1303 5036 taffo,
1317 4937 1369 5006 rel
1385 4937 1484 5008 etiam
1499 4939 1622 5028 aliquid
1637 4942 1779 5014 iortasm
1795 4942 1951 5030 supplen-

1132 5047 1213 5118 dum
1236 5055 1312 5117 ante
1334 5027 1472 5126 llatae.

1177 5179 1254 5250 ιιι
1276 5155 1432 5245 leuem
1452 5191 1501 5224 ==
1521 5167 1601 5238 ema
1626 5185 1704 5256 ow
1732 5169 1949 5254 rumam

1133 5271 1269 5342 liberior
1291 5275 1325 5346 in
1349 5276 1453 5345 torma
1475 5277 1585 5348 versio
1609 5281 1704 5363 Lxx,
1726 5299 1745 5350 a
1768 5283 1950 5352 Plortasse

1134 5385 1294 5472 pendens,
1316 5403 1401 5474 puae
1423 5388 1503 5460 item
1526 5391 1623 5460 vertit
1648 5397 1694 5474 Η;
1718 5415 1803 5484 appar
1825 5387 1952 5460 duno-

1135 5517 1195 5576 ses,
1218 5499 1308 5586 quod
1331 5501 1412 5588 legit
1435 5505 1495 5572 itm
1521 5505 1564 5572 to
1580 5511 1614 5573 ot
1638 5505 1769 5576 retinxit
1793 5509 1898 5591 Vllm,
1923 5509 1951 5576 Η

1136 5611 1272 5699 propius
1294 5613 1435 5684 reddere
1457 5615 1644 5702 rideretur,
1669 5617 1729 5688 sed
1751 5635 1892 5707 reapse,
1915 5623 1953 5688 nt

1135 5733 1227 5812 poto,
1252 5729 1307 5797 ΕΗ
1330 5731 1433 5816 syrus
1456 5727 1575 5815 reddit,
1599 5747 1682 5804 osne
1704 5731 1809 5804 libera
1831 5733 1952 5812 torma,
