4640 6402
531 1983 565 2044 Σ.
588 1995 619 2038 ιν
643 1978 808 2045 selaune.
834 1974 1073 2044 contusionem
1096 1973 1278 2044 lectionum
1305 1975 1357 2042 ln-

533 2093 717 2173 terpretum
734 2087 766 2154 in
781 2087 991 2158 lloutlaucon
1010 2103 1052 2154 ex
1064 2085 1265 2155 coislinianc
1278 2085 1357 2172 (Ap-

447 2223 469 2256 ·-
505 2259 507 2264 .
532 2199 632 2286 pond.
656 2198 698 2269 ad
721 2207 749 2270 t.
768 2201 831 2287 l),
856 2205 889 2269 et
912 2201 973 2290 alp.
999 2203 1085 2284 iim,
1109 2218 1190 2287 quas
1222 2200 1356 2286 quidem

531 2331 575 2385 ea
597 2315 808 2384 montfaucon
829 2314 953 2384 frustra
970 2319 1109 2382 conatus
1125 2322 1176 2382 est
1191 2313 1356 2402 explicare

534 2427 784 2512 Subarieuberg,
806 2426 973 2496 ammeca
998 2425 1040 2494 ad
1063 2425 1097 2508 l,
1114 2433 1239 2508 noster,
1262 2431 1355 2511 puto,

373 2523 383 2540 ’
530 2538 679 2606 resolvit.
710 2540 740 2607 ll
776 2545 866 2608 recte
889 2545 923 2608 et
958 2555 1000 2608 ex
1034 2555 1128 2609 more
1163 2557 1224 2608 suu
1258 2539 1357 2607 vertit

534 2649 751 2736 Symmachus
786 2651 799 2738 (
813 2653 853 2720 ci.
889 2651 1003 2722 lluntl.
1035 2641 1117 2721 'Lem
1154 2651 1196 2720 ad
1223 2652 1355 2737 ller.);

392 2799 394 2803 -
531 2762 643 2848 quoad
665 2761 817 2848 Aquilam
841 2764 908 2832 sive
936 2771 1052 2832 noster
1082 2764 1251 2849 interpres
1278 2763 1357 2850 legit

525 2871 619 2964 puato
641 2873 821 2944 lectionem
845 2877 1013 2960 Graecam,
1037 2857 1126 2961 cuod
1149 2877 1260 2946 miuus
1281 2893 1358 2962 pru-

530 2983 652 3068 bubile,
677 3002 752 3054 cnm
774 2987 828 3055 rix
851 2987 977 3056 similes
1000 3005 1133 3056 errores
1149 2987 1182 3056 in
1198 3005 1240 3058 eo
1264 3007 1358 3076 repe

532 3097 675 3180 riantur;
699 3097 768 3168 sive
791 3099 1001 3170 amanuensis
1020 3101 1151 3185 erravit,
1167 3102 1257 3188 quod
1277 3103 1357 3173 item

519 3209 644 3278 minus
654 3211 837 3298 probabile,
845 3213 921 3299 quia
929 3213 1023 3282 ratde
1038 3215 1165 3283 bonum
1176 3232 1212 3286 se
1221 3216 1358 3302 praebet

529 3321 568 3392 in
584 3328 656 3392 toto
667 3323 791 3409 codice,
808 3325 887 3410 sive,
899 3324 989 3410 quod
1005 3325 1209 3412 probabilius
1225 3334 1359 3413 putare

532 3434 608 3519 rim,
621 3434 692 3505 aliis
707 3426 947 3523 hypothesibus
963 3437 1098 3521 relictis,
1106 3431 1178 3509 ΟΠ
1186 3439 1271 3507 thom
1281 3454 1358 3508 cum

533 3536 622 3620 :iiiO
639 3551 712 3618 tolla
731 3551 928 3622 crediderim
952 3558 1175 3620 commutasse
1193 3551 1357 3638 Aquilam,

534 3662 625 3750 quod
640 3663 674 3732 iu
690 3663 848 3733 feminino
865 3671 899 3734 et
922 3682 1023 3733 sensu
1039 3663 1159 3733 ecdem
1181 3667 1234 3733 Ps.
1251 3666 1357 3747 ΧΗ

535 3774 679 3844 reddidit
701 3774 875 3867 spadonum
889 3830 906 3874 ,‚
923 3778 1013 3864 qnod
1036 3784 1152 3878 noster
1174 3777 1294 3847 Eccle.
1319 3780 1357 3860 V,

471 3913 493 3951 ·,
537 3891 591 3972 tu,
614 3891 668 3972 vl,
692 3892 724 3972 3,
748 3897 811 3959 etc.
832 3890 931 3959 vertit
955 3875 1109 3972 idea-33
1134 3890 1224 3978 quod
1247 3889 1357 3959 minus

534 4001 752 4087 improbabile
767 4002 908 4087 uidetur,
931 4003 960 4072 si
983 4009 1074 4073 recta
1097 4011 1186 4087 sunt,
1203 4020 1287 4090 quae
1302 4002 1360 4071 de-

525 4113 585 4182 ¹dit
608 4114 952 4199 llartmaun,Linpuis
969 4114 1054 4182 etot.
1078 4113 1113 4180 in
1135 4114 1193 4181 das
1217 4114 1360 4183 Suedium

535 4225 567 4292 d.
590 4227 629 4293 B.
653 4226 706 4293 des
727 4225 766 4292 l.
796 4229 842 4310 lt,
873 4245 908 4313 p.
933 4229 976 4298 33
1006 4245 1097 4314 seqq.
1116 4233 1156 4310 ,et
1178 4227 1220 4296 de
1242 4228 1359 4314 Aquita

537 4335 748 4423 peculiariter
770 4355 801 4424 p.
827 4338 887 4420 383
909 4354 1029 4424 nempe
1044 4345 1173 4406 ueteres
1197 4341 1360 4425 interpre-

524 4455 590 4518 tes
614 4453 750 4533 propter
774 4449 983 4519 incommoda
1007 4440 1173 4518 uolumina
1198 4468 1239 4520 er
1262 4469 1359 4538 prae-

538 4563 625 4632 lecto
648 4568 742 4630 textu
764 4563 918 4647 uertisse,
942 4564 1084 4651 ideoque
1107 4564 1275 4634 interdum
1299 4565 1358 4634 de-

538 4673 628 4744 disse
643 4691 711 4744 uon
734 4676 825 4763 praed
847 4675 881 4744 iu
905 4682 1000 4745 textu
1024 4677 1186 4765 seriptum
1201 4683 1282 4762 erat,
1300 4678 1359 4747 sed

529 4786 630 4874 mund
652 4804 672 4855 a
694 4787 899 4873 praelectore
921 4789 1116 4875 audierant,
1139 4791 1191 4858 uel
1215 4791 1359 4861 audiisse

432 4893 441 4905 '
539 4900 758 4972 crediderent.
774 4902 860 4983 Quid
884 4903 1049 4990 ulqrrila
1070 4905 1177 4990 ipsam
1199 4911 1359 4976 vocemtl

522 5013 588 5082 -sic
610 5013 739 5110 dederit
763 5015 875 5101 paullo
899 5022 1166 5087 contractiorem
1190 5035 1288 5088 suum
1323 5019 1361 5086 li·

528 5124 663 5209 berius,
686 5127 747 5196 sed
770 5145 837 5196 unu
860 5129 956 5212 male,
973 5135 1007 5198 et
1031 5136 1189 5200 contextu
1210 5131 1360 5200 favente?

586 5241 618 5306 d.
641 5260 806 5329 epnnepnr
829 5269 876 5300 =
898 5256 957 5316 -l-
977 5263 1062 5334 εγω,
1088 5247 1201 5325 limm,
1226 5245 1288 5325 lll,
1312 5245 1360 5327 X,

528 5353 608 5433 bit,
631 5352 735 5434 bodl,
760 5351 844 5437 lld,
868 5355 964 5423 Arm:
989 5359 1018 5426 ll
1042 5355 1123 5426 item
1144 5357 1360 5444 praemittens

526 5462 644 5532 etiem.

584 5598 626 5652 us
647 5597 701 5667 uu
716 5607 762 5636 =
778 5581 815 5647 lu
838 5580 949 5648 ironte
972 5581 1128 5666 paginae:
1152 5583 1243 5650 biber
1265 5582 1362 5650 (lene

538 5690 604 5758 sis:
629 5707 696 5777 quo
719 5689 883 5760 indicatur
905 5691 1061 5763 ultimum
1074 5693 1139 5762 troc
1156 5711 1230 5764 esse
1244 5695 1362 5764 lolium

538 5800 811 5888 Quinternionis,
838 5823 938 5894 quem
961 5807 1114 5893 quintum
1144 5824 1220 5888 csse
1246 5807 1360 5894 argui,

1492 1979 1523 2044 i.
1548 1997 1627 2066 supas
1648 2003 1695 2034 =
1718 1991 1822 2063 marg.
1846 1981 1949 2042 llllll:
1971 1977 1996 2044 ll
2015 1959 2112 2051 ἪΝ,
2127 1967 2177 2053 quoi

1449 2089 1695 2160 substituebant
1718 2090 1854 2178 quidem
1877 2087 2004 2160 llebraei
2022 2085 2051 2153 in
2076 2081 2178 2159 lecticae,

1447 2203 1506 2274 sed
1530 2220 1597 2272 nun
1621 2203 1655 2272 in
1679 2203 1866 2291 scriptura,
1888 2206 1925 2270 ut
1945 2206 2047 2269 uotum
2065 2201 2104 2264 cst
2119 2191 2179 2260 ond

1446 2317 1521 2401 bus,
1537 2315 1597 2386 sed
1620 2331 1764 2401 pronum
1787 2315 1866 2384 inde
1880 2319 1999 2382 mutare
2013 2305 2180 2380 muminito

1447 2428 1607 2517 quidquid
1619 2427 1673 2512 sit,
1687 2416 1807 2512 t'ib'i’,
1819 2433 1857 2496 ut
1868 2431 1976 2494 noster
1984 2416 2180 2506 mammilliani

1448 2559 1567 2611 norem
1578 2541 1716 2642 'codices
1739 2539 1928 2622 Kennicutt,
1943 2525 2179 2622 quatuordenum

1448 2661 1482 2723 et
1505 2671 1591 2744 unus
1615 2651 1767 2739 ejusdem
1790 2652 1899 2739 prima
1920 2667 2020 2731 mauu,
2040 2643 2103 2724 0nlr,
2119 2642 2163 2707 tou.

1493 2787 1619 2856 αγνοουν
1642 2785 1695 2828 και
1710 2793 1757 2822 =
1772 2766 1838 2834 sub
1853 2757 1908 2847 '·',
1923 2770 1955 2831 et
1975 2775 2040 2829 uum
2059 2753 2129 2823 obelo
2141 2748 2180 2816 siut

1448 2883 1573 2964 puncto
1596 2877 1687 2946 alex.
1712 2878 1762 2946 Ex
1786 2877 1910 2946 catena
1934 2874 1996 2944 Nic.
2017 2890 2044 2958 p.
2064 2869 2114 2937 att
2133 2861 2180 2948 uui

1444 2993 1513 3059 llm
1528 3007 1569 3060 er
1585 2989 1727 3076 origene
1750 2988 1934 3076 Procopius
1956 2987 2007 3056 dat
2024 2983 2143 3065 epitom
2156 2993 2180 3052 u

1448 3125 1583 3195 αγνοουν,
1605 3127 1644 3178 ως
1664 3103 1738 3192 παρ’
1761 3095 1900 3192 Εὸραωις
1920 3121 1961 3190 μη
1981 3115 2097 3185 nuptos.
2108 3085 2180 3156 sula

1447 3218 1544 3287 ellert
1564 3216 1788 3300 lloutiaucon,
1805 3233 1874 3285 non
1897 3213 2042 3292 indicans,
2054 3203 2119 3274 unde
2132 3211 2181 3315 suu·

1447 3329 1547 3410 serit;
1566 3329 1632 3398 sed
1654 3329 1771 3398 eadem
1787 3327 1924 3396 omnino
1945 3319 2100 3406 Promotus
2110 3309 2180 3382 ndu

1447 3440 1681 3524 Ambrosiam,
1705 3443 1744 3522 Q.
1769 3442 1826 3508 96.
1853 3441 1944 3525 sup,
1966 3435 2004 3504 ad
2023 3435 2050 3502 b.
2070 3428 2086 3498 Ι.
2104 3429 2180 3507 legem

1449 3552 1600 3638 origenis
1623 3559 1734 3621 temen
1764 3551 1858 3620 nulla
1889 3551 1970 3618 lacta
2000 3540 2181 3614 mentonem

1449 3685 1613 3755 αγνοητιον
1636 3654 1672 3730 δε
1701 3685 1750 3728 οτι
1779 3656 1945 3730 nimmia
1966 3657 2078 3747 (codex
2100 3655 2180 3718 enom

1446 3769 1617 3861 ωῧελῑσπ,
1639 3777 1754 3849 Mollis.
1785 3775 1958 3861 ωβιλιπο)
1983 3793 2016 3836 το
2045 3773 2181 3856 epicum

1447 3889 1521 3980 παρ’
1544 3889 1671 3978 abpatruus
1692 3911 1736 3978 μη
1760 3909 1903 3976 supuda.
1926 3884 2033 3956 Nullus
2056 3861 2181 3945 nmeutli

1449 4001 1547 4071 obelo
1571 4001 1666 4089 pouit
1687 4000 1788 4070 etiam
1811 3983 1929 4085 consul
1949 3995 2026 4068 male
2040 3991 2181 4064 noscendi

1449 4114 1580 4184 omittat
1595 4135 1731 4205 αγνοουν,
1748 4114 1808 4183 sed
1832 4131 1900 4184 non
1922 4135 1972 4176 και
1994 4112 2032 4188 ll;
2053 4097 2182 4172 induantur

1449 4244 1554 4312 error,
1578 4226 1670 4312 quod
1692 4227 1861 4296 communi
1885 4225 1959 4296 usui
1980 4217 2094 4290 uoculae
2110 4205 2183 4330 aad·

1450 4339 1652 4422 tenderetur,
1676 4357 1745 4408 non
1768 4358 1848 4410 veru
1871 4336 1981 4410 sensui
2001 4332 2085 4418 buius
2101 4323 2150 4390 lull

1494 4457 1525 4522 c.
1550 4474 1642 4527 αυτος
1663 4474 1715 4541 μοι
1738 4473 1820 4518 eno
1843 4481 1891 4512 ..-.
1913 4471 2000 4522 αυτος
2018 4461 2074 4508 ear
2097 4424 2184 4548 pcuib

1449 4567 1565 4646 limm;
1588 4565 1759 4634 versiones
1781 4564 1828 4634 nil
1851 4569 2024 4642 testantur,
2044 4568 2102 4624 cun
2118 4561 2145 4612 u
2159 4551 2185 4602 li·

1449 4678 1525 4747 dole
1541 4677 1683 4764 linguae,
1698 4678 1751 4746 rel
1773 4678 1926 4750 libertate
1941 4691 2009 4744 esse
2027 4662 2111 4757 possit
2127 4661 2186 4722 tna·

1449 4791 1571 4878 positio
1594 4792 1752 4861 omnium.
2154 4867 2176 4884 1,

1495 4903 1576 4973 lbid.
1592 4931 1639 4960 =
1657 4906 1739 4974 Post
1761 4903 1843 4972 baec
1858 4919 1981 4984 rasura,
1995 4899 2025 4966 in
2039 4907 2091 4980 qua
2105 4882 2186 4990 vestm

1450 5015 1550 5085 dubia
1584 5015 1699 5085 literae
1723 5029 1735 5088 a
1761 5003 1955 5102 conjunctae
1983 4999 2110 5096 sequenti
2134 4999 2187 5056 rost,

1450 5144 1534 5212 quae
1554 5127 1693 5196 referret
1708 5149 1766 5213 οτι,
1783 5129 1873 5216 quod
1896 5127 2042 5198 exhibent
2060 5113 2105 5186 ulli
2122 5109 2187 5175 flou,

1451 5249 1567 5312 nostro
1591 5259 1658 5311 nun
1682 5244 1813 5329 cognati
1845 5243 1886 5313 de
1919 5257 2024 5312 more:
2055 5245 2106 5300 uun
2132 5209 2189 5285 labri

1451 5353 1534 5425 illud
1556 5358 1596 5439 ll,
1611 5372 1726 5426 rerum
1749 5355 1848 5426 dubia
1871 5355 1966 5424 lectio
1981 5343 2073 5420 nostri
2091 5339 2129 5405 eti
2144 5317 2188 5394 pl

1452 5485 1493 5536 ex
1516 5467 1694 5552 idiotismo,
1711 5485 1752 5538 ex
1767 5487 1834 5556 quc
1849 5470 1933 5538 torte
1955 5468 2058 5534 noster
2075 5446 2189 5520 manum

1452 5579 1509 5662 sis,
1526 5581 1628 5666 Syrus
1643 5579 1757 5664 homo,
1771 5581 1880 5666 primo
1895 5579 1980 5649 idem
1993 5563 2136 5656 scriptuli
2146 5557 2190 5617 iii

1452 5699 1502 5762 tra
1524 5710 1623 5764 suum
1645 5693 1870 5790 archetypum.
2146 5774 2151 5786 ,

1497 5828 1528 5872 tu
1549 5804 1671 5898 καθαρᾳ
1693 5798 1806 5900 καρδιᾳ
1826 5837 1874 5868 =
1894 5776 2189 5892 11181Ἑ.Ᾰ-*”’ω”ωιι
