4678 6406
1114 219 1120 228 .
1181 149 1383 222 -rer-

606 311 774 410 μω
802 281 1114 426 eneam„
1143 279 1233 407 ΙᾹΞ

493 615 498 628 ⁴
546 508 645 621 pote
677 482 814 603 exo
843 490 950 592 lto*
982 459 1086 607 §³00
1114 485 1235 624 po

525 693 589 786 <aa
617 674 753 800 03³³
783 661 823 740 ‘5⁶
844 685 1070 800 auce-ee*
1103 667 1233 768 lion
1260 681 1302 750 tt

907 898 1022 1005 &a
1047 899 1155 995 lox&

415 1148 539 1236 passim
564 1147 597 1216 iu
622 1148 725 1233 locis,
750 1149 806 1238 qui
830 1165 871 1218 ex
895 1155 989 1218 textu
1014 1151 1239 1220 Samaritano-

415 1281 491 1334 rum
515 1270 711 1332 cmauarunt
734 1261 768 1331 in
792 1270 946 1332 nestrum
970 1261 1128 1339 codicem,
1152 1262 1239 1333 obeli

417 1383 528 1445 autem
552 1374 593 1443 ad
617 1375 709 1444 locos
731 1393 772 1444 ex
788 1375 908 1444 eodem
933 1383 1026 1446 textu
1044 1375 1240 1464 desumptes

417 1489 450 1557 in
471 1489 634 1567 ilumeris,
650 1507 749 1576 quem
765 1489 795 1558 si
811 1505 969 1558 recenser
985 1489 1057 1576 ipse
1074 1489 1241 1575 apposuit,

417 1602 582 1670 sententia
608 1608 734 1670 mutata
762 1601 890 1686 putarit
913 1602 1121 1688 reprobanda
1145 1601 1240 1671 addi-

415 1722 562 1784 tamenta
587 1715 892 1798 Samaritanorum,
917 1714 946 1783 si
969 1731 1048 1783 rero
1071 1714 1241 1804 posterius

417 1847 457 1896 ex
482 1827 643 1898 asterisco
666 1834 844 1912 corruptus
868 1817 939 1903 luit,
955 1843 1174 1896 amanuenses
1190 1828 1241 1896 vel

416 1941 623 2027 posteriores
648 1945 844 2008 recensores
861 1940 1089 2008 immutarunt.
1113 1943 1156 2008 Et
1177 1939 1244 2010 ier-

416 2063 506 2121 tasse
531 2071 548 2120 a
573 2053 768 2122 recensione
798 2050 1104 2146 lacebinEdesseui
1135 2051 1243 2140 repeti

417 2175 533 2253 posset
556 2167 639 2234 baec
663 2164 888 2242 commutatio,
913 2182 989 2234 eum
1013 2163 1077 2249 bic,
1100 2171 1138 2234 ut
1161 2165 1245 2234 indi·

418 2278 486 2346 cori
511 2297 615 2365 supra
637 2279 679 2347 ad
702 2281 761 2354 Vl,
787 2279 818 2360 9,
844 2276 943 2346 obelo
967 2277 1092 2346 notarit
1115 2277 1243 2348 addita-

399 2379 529 2458 ¹menta
546 2391 755 2473 Samaritani,
774 2407 1017 2476 supervacanea
1041 2391 1088 2458 illi
1111 2392 1191 2476 risa,
1208 2398 1246 2461 ut

417 2505 559 2588 ridetur,
577 2523 618 2574 ex
642 2504 774 2574 Peseito
798 2511 832 2572 et
856 2505 956 2585 Lxx,
979 2502 1070 2589 quod
1086 2503 1164 2573 inde
1188 2504 1247 2574 ali·

419 2636 517 2706 quam
534 2619 633 2687 babet
657 2616 937 2716 probabilitatem,
956 2617 1046 2703 qued
1066 2615 1246 2686 asteriscus

368 2775 370 2778 -
418 2730 652 2803 additamentis
692 2729 907 2800 samaritanis
946 2736 1175 2817 praeponatur
1212 2729 1247 2798 iu

417 2842 525 2912 Exodi
549 2844 664 2937 codice
681 2852 757 2912 ante
773 2845 847 2931 ejus
871 2843 1102 2913 recensionem
1119 2841 1245 2930 scripte

418 2957 473 3041 (cl.
494 2974 596 3044 supra
619 2955 661 3026 ad
677 2958 729 3038 vl,
747 2957 794 3043 3),
819 2957 937 3027 obelus
962 2956 995 3024 iu
1020 2959 1243 3026 Numerarem

418 3070 555 3152 codice,
580 3069 636 3156 qrri
659 3076 738 3156 post
761 3086 838 3138 eum
862 3069 972 3155 potuit
1000 3069 1100 3138 scribi
1124 3087 1166 3139 ex
1188 3087 1244 3163 ra-

417 3186 509 3254 tione
533 3185 816 3271 palaeograpbiea.
842 3183 1009 3272 Quidquid
1033 3185 1076 3254 sit
1101 3185 1142 3254 de
1170 3185 1244 3270 his,

417 3288 501 3368 inira
525 3299 643 3382 xxm,
668 3299 713 3367 20
737 3298 854 3367 eadem
878 3315 963 3384 puae
987 3297 1040 3366 bic
1064 3297 1245 3368 declaratio

417 3413 561 3482 traditur
576 3409 664 3480 obeli
688 3411 839 3480 llebraeo
856 3395 1012 3496 appositi,
1030 3411 1106 3496 quia
1122 3429 1163 3481 eo
1187 3429 1247 3480 ue-

417 3539 486 3601 tata
502 3530 641 3599 deerant
656 3531 689 3596 in
715 3535 809 3608 textu
827 3527 1124 3610 Samaritanorum
1147 3545 1245 3616 quam

419 3644 554 3732 quidem
585 3640 844 3710 declarationem
879 3640 989 3722 unice⁴
1009 3640 1145 3709 attende
1170 3641 1245 3724 bic,

420 3773 495 3826 cum
519 3757 613 3824 locus
638 3753 902 3832 correctionibus
926 3754 1083 3840 indigeat.
1108 3753 1247 3824 Videtur

420 3886 500 3956 ergo
523 3870 556 3936 in
587 3869 740 3937 columna
770 3867 953 3951 Hebraico,
977 3867 1030 3936 vel
1064 3865 1249 3936 ltebraice-

420 3987 543 4054 Graeca
567 3981 792 4069 llcxaplorum
818 3983 1009 4068 Origenem,
1034 3981 1246 4050 sarchorum

419 4112 633 4165 recenserem
656 4095 840 4165 Eusebium
865 4095 920 4177 (cl.
946 4112 1047 4180 supra
1072 4094 1181 4179 adlit,
1198 4095 1245 4181 a),

420 4209 519 4276 etiam
543 4208 584 4277 ad
607 4207 767 4276 lectiones
792 4205 1014 4276 Samaritauas
1038 4222 1138 4276 usum
1161 4214 1246 4276 aste·

420 4307 497 4390 risci
522 4329 556 4391 et
580 4323 668 4392 obeli
692 4320 902 4404 traduxisse,
927 4320 984 4407 quii
1008 4320 1042 4388 iu
1067 4319 1247 4389 thlirirali

421 4443 514 4506 textu
531 4437 711 4521 obtinebat,
735 4443 772 4505 ut
797 4434 895 4508 ebele
919 4433 953 4501 in
978 4433 1130 4502 llebraeo
1154 4439 1249 4504 textu

421 4557 562 4632 notaret,
585 4567 670 4636 quae
694 4549 748 4618 hic
772 4548 910 4617 haberet
933 4554 1107 4620 actextus
1132 4547 1247 4614 Sama-

419 4663 607 4732 ritanorum
632 4661 823 4744 omitteret,
848 4667 965 4729 centra
1000 4660 1062 4729 sub
1087 4657 1250 4728 asterisco
1293 4739 1300 4752 .

420 4775 568 4858 adderet,
585 4791 669 4860 quae
694 4772 919 4842 Samaritanus
943 4772 1081 4841 liaberet
1097 4776 1131 4839 et
1147 4769 1247 4838 emit-

420 4896 507 4958 tcret
523 4889 703 4960 llebraeus.
716 4888 821 4968 Quem
836 4901 936 4955 usum
952 4885 980 4954 si
993 4885 1062 4971 jam
1078 4882 1119 4953 ad
1136 4884 1248 4953 locum

421 5003 463 5071 dc
480 5019 547 5089 que
565 5001 693 5088 agimus
709 4979 890 5083 trahamus,
906 4997 1085 5069 dicendum
1101 4994 1249 5078 defuisse

421 5114 592 5186 recenseri
617 5121 727 5183 textus
753 5111 947 5200 Hexaplaris
963 5126 1079 5180 versus
1094 5112 1138 5178 l0
1153 5107 1187 5179 e't
1205 5111 1243 5180 ll

420 5227 455 5296 in
480 5233 574 5297 textu
598 5226 816 5303 Samaritano,
840 5242 907 5313 quo
931 5225 1098 5305 utebatur,
1123 5222 1246 5309 preba-

421 5341 534 5410 biliter
558 5357 599 5410 ex
623 5339 893 5416 omoeotcleuto,
917 5346 955 5409 ut
986 5340 1110 5408 lactum
1134 5344 1185 5407 est
1212 5337 1247 5405 iu

422 5455 667 5526 duobus-couu.
685 5459 713 5526 ll
739 5454 928 5535 Kenuicett,
954 5452 1096 5540 ideoque
1112 5467 1190 5522 eum
1206 5467 1247 5520 ex

422 5585 484 5638 sue
510 5587 574 5638 usu
602 5575 737 5638 notasse
755 5567 860 5638 obelo
885 5567 1073 5636 ltebracum
1096 5572 1247 5650 textum,

422 5679 490 5749 imo
523 5679 690 5766 duplicem
725 5673 877 5750 tortasse·
903 5679 1111 5755 Hebraeum,
1142 5693 1248 5746 unum

423 5792 580 5863 llebraeis
604 5791 721 5876 literis,
745 5792 887 5862 alterum
911 5789 1046 5862 Graecis
1064 5795 1247 5873 exaratum,

1572 311 1676 416 pope
1707 302 1777 413 bal
1808 295 1848 408 lx
1876 310 1990 447 mal-a
2008 296 2153 432 ψ

1383 446 1576 622 ¹aaa
1607 479 1772 634 ras-x
1801 481 1903 598 coo
1928 509 2004 613 oo
2032 487 2177 598 a»

1535 687 1652 798 tnoo·
1668 687 1768 810 >ane
1794 646 1938 779 jsp'lol
1966 691 2157 809 <pambo
2206 686 2238 751 ll

1646 921 1779 980 ω
1802 901 1865 1002 >ui
1891 915 1933 982 ,t
1956 929 2019 984 w
2043 903 2067 999 d
2092 921 2107 966 ⁷

1329 1151 1447 1240 pinalis
1471 1151 1542 1221 sine
1565 1149 1731 1222 iudicibus
1755 1149 1929 1238 apposita,
1952 1157 2031 1237 pest
2053 1150 2158 1218 aliam

1330 1272 1443 1332 notam
1467 1269 1663 1350 sequentem
1687 1280 1790 1348 marg.
1807 1262 1841 1330 iu
1866 1263 1995 1332 codiee:
2020 1263 2160 1331 leuce

1329 1395 1424 1464 cepae
1458 1377 1501 1444 cd
1530 1395 1653 1444 cnecon
1682 1376 1719 1442 in
1748 1375 1898 1444 Hebraeis
1929 1376 2158 1464 (exemplari-

1329 1491 1445 1580 bus‘l)
1469 1491 1546 1560 eecli
1575 1499 1828 1578 naperpomoter
1850 1489 1917 1573 eis,
1940 1489 2016 1576 poio
2045 1490 2159 1558 desum

1330 1603 1365 1670 io
1396 1623 1431 1671 ce
1467 1604 1611 1692 (textu)
1643 1604 1927 1672 Sumelocenna.
1961 1604 2027 1673 Sed
2059 1605 2160 1691 plura

1331 1715 1631 1786 animadvertenda.
1657 1718 1768 1786 Primo
1792 1715 1827 1784 iu
1851 1715 1966 1786 codice
1989 1734 2057 1786 non
2080 1735 2161 1784 cru-

1331 1847 1408 1908 ces,
1433 1827 1493 1898 sed
1527 1813 1679 1899 asterisci
1713 1837 1949 1916 apponuntur,
1976 1828 2160 1898 asteriscus

1331 1943 1477 2015 veroin
1511 1949 1628 2012 nostro
1658 1943 1845 2030 appellatur
1874 1925 2159 2022 awannam,

1332 2041 1517 2135 lamo-o
1540 2057 1592 2125 vel
1623 2056 1692 2124 lere
1717 2055 1947 2142 (liopertoacm
1969 2053 2159 2131 Eichheru,

1330 2173 1412 2247 XlV,
1430 2171 1484 2247 te,
1504 2172 1550 2238 ae
1574 2175 1607 2238 el
1631 2169 1756 2254 passim
1779 2167 1927 2238 inlibris
1952 2170 2158 2254 Syrellexa·

1332 2281 1516 2371 pleribus),
1540 2300 1710 2369 nunquam
1733 2299 1812 2350 vero
1837 2288 1998 2369 qllantum
2022 2281 2160 2350 memini

1331 2380 1496 2497 tm&
1525 2393 1739 2464 amanuensis
1756 2411 1836 2480 erpo
1854 2393 1986 2463 ridetur
2000 2409 2160 2480 peccasse

1332 2509 1366 2578 iu
1390 2508 1583 2595 refingendo
1607 2524 1649 2576 ex
1673 2523 1771 2576 cruce
1795 2505 2003 2584 asteriscum,
2028 2503 2082 2574 cui
2105 2521 2160 2572 as-

1333 2628 1449 2692 suetus
1485 2627 1557 2691 erat
1590 2639 1633 2690 ex
1668 2638 1733 2690 usu
1767 2618 1914 2700 cedicis;
1944 2625 1983 2688 ut
2012 2619 2159 2705 peccarit

1333 2737 1433 2806 ctiam
1457 2735 1491 2804 in
1515 2733 1670 2822 ponenda
1694 2732 1841 2802 secunda
1865 2719 1944 2801 ueta
1968 2731 2064 2800 iuitio
2086 2747 2157 2798 rer·

1333 2868 1391 2919 sus
1418 2851 1480 2925 la,
1505 2865 1580 2917 cum
1605 2865 1646 2917 ex
1670 2847 1799 2916 ratione
1823 2852 1936 2915 textus
1967 2849 2002 2914 et
2036 2843 2158 2930 margi-

1333 2963 1418 3032 nalis
1454 2962 1572 3032 scholii
1608 2968 1686 3048 post
1717 2978 1852 3030 uersum
1885 2963 1928 3030 ll·
1958 2958 2158 3030 retrahenda

1334 3077 1388 3146 sit.
1413 3073 1540 3146 Deinde
1564 3091 1627 3144 nec
1650 3076 1689 3150 ll,
1706 3074 1733 3144 si
1757 3074 1844 3142 duos
1860 3071 2006 3159 excipias
2027 3072 2159 3141 cedices

1334 3188 1523 3263 lteunlcett,
1538 3203 1602 3255 nec
1625 3187 1678 3256 llS
1696 3203 1773 3255 cum
1797 3188 1875 3256 Sam
1892 3192 1927 3255 et
1947 3185 2040 3255 Abus
2066 3186 2156 3256 emit·

1334 3309 1410 3372 tuut
1427 3318 1511 3389 quac
1523 3299 1642 3369 deesse
1654 3299 1687 3368 iu
1705 3306 1799 3368 textu
1816 3297 2102 3368 Samaritanorum
2113 3297 2157 3366 di·

1335 3423 1472 3496 cuntur;
1495 3419 1679 3500 potueruut
1696 3419 1807 3481 tamen
1823 3411 1942 3480 deesse
1958 3409 1993 3479 iu
2009 3411 2088 3480 ullis
2108 3427 2158 3478 co·

1335 3528 1463 3598 dieibus
1480 3529 1534 3597 llS
1552 3543 1593 3596 ex
1609 3527 1823 3594 enometeleuto
1838 3541 1996 3594 rensuum
2020 3527 2042 3593 9
2059 3531 2094 3593 et
2111 3527 2161 3595 ll.

1336 3643 1392 3730 qui
1416 3642 1494 3720 imo,
1518 3647 1653 3727 praeter
1676 3636 1825 3725 priorem
1849 3637 2076 3723 percenset
2098 3635 2160 3722 pri·

1335 3772 1424 3824 mam
1438 3765 1555 3823 recem
1573 3755 1611 3820 lt
1631 3750 1729 3838 plane
1745 3749 1962 3832 concerdaut3
1984 3749 2076 3836 quod
2092 3747 2159 3835 qui·

1335 3869 1412 3938 dem
1429 3863 1701 3936 omoeotcleuten
1717 3883 1784 3934 una
1796 3871 1934 3952 apparet
1947 3879 2047 3934 causa
2064 3863 2161 3932 emis·

1335 3975 1440 4049 sionis
1455 3980 1490 4047 in
1507 3979 1677 4048 codicibus
1694 3976 2080 4048 duobusllllennieett.
2097 3975 2161 4046 Sed

1336 4093 1470 4180 quinam
1501 4099 1604 4161 eraut
1628 4099 1759 4168 textus,
1785 4091 1836 4160 uel
1864 4108 2029 4178 quaenam
2053 4107 2162 4160 mem·
2298 4081 2299 4096 ‘

1311 4203 1439 4292 ‘plaria
1464 4203 1625 4274 Hebraico
1649 4203 1682 4273 iu
1707 4203 1829 4291 quibus
1853 4203 1960 4273 obelis
1983 4203 2046 4272 ista
2071 4209 2162 4272 neta

1321 4313 1477 4393 bantur,
1501 4333 1578 4386 cum
1601 4323 1762 4403 quantum
1796 4316 1971 4402 hucusque
2002 4315 2107 4401 liquet
2130 4320 2162 4383 et

1337 4447 1419 4501 usus
1442 4436 1542 4498 netas
1565 4427 1672 4515 ipsius
1697 4427 1917 4514 origenianos
1951 4426 2161 4514 postulabat,

1337 4545 1372 4614 iu
1403 4561 1471 4614 une
1499 4550 1593 4613 textu
1624 4543 1710 4612 Lxx
1734 4541 1853 4612 obelus
1887 4539 2163 4610 adscribebaturt

1338 4661 1496 4728 Putarem
1519 4675 1561 4728 ex
1588 4673 1653 4726 usu
1681 4656 1769 4726 obeli
1798 4655 1833 4726 iu
1862 4661 1957 4725 textu
1974 4656 2072 4725 -thlt
2094 4662 2162 4723 tra-

1338 4771 1476 4842 ductum
1499 4787 1576 4840 eum
1608 4769 1711 4839 luisse
1735 4787 1801 4838 uua
1830 4784 1907 4838 cum
1937 4767 2099 4837 asterisco
2122 4767 2164 4836 ad

1338 4881 1546 4952 iudicandam
1570 4882 1756 4960 rationem,
1780 4898 1883 4968 quac,
1906 4887 1946 4950 ut
1967 4880 2056 4950 inter
2077 4882 2164 4950 Lxx
2298 4949 2299 4970 ,

1338 5003 1373 5082 el
1396 4998 1594 5076 Hebraeum,
1617 4996 1842 5068 intercederet
1864 4995 1953 5066 inter
1976 4995 2164 5066 llebraeum

1338 5117 1373 5180 et
1408 5111 1651 5180 Samaritanum
1687 5095 1836 5188 textum,
1865 5097 1922 5198 qui
1957 5109 2100 5180 collatus
2132 5109 2164 5176 in

1339 5223 1565 5296 Pentateucho
1580 5223 1645 5294 tuit
1668 5225 1701 5292 iu
1719 5223 1891 5322 codicibus
1914 5223 2164 5310 lloxaplanbus

1338 5343 1377 5408 ut
1392 5344 1484 5426 patet
1499 5357 1541 5408 ex
1555 5337 1705 5426 reliquiis
1720 5336 1864 5415 Graecis
1880 5351 1921 5406 ex
1944 5335 1987 5405 ils
2005 5335 2161 5406 'codicum

1339 5453 1500 5539 Syrorum
1516 5451 1622 5522 Exodi
1638 5459 1672 5520 et
1686 5453 1918 5532 Numererum,
1936 5467 1978 5520 ex
1994 5449 2060 5522 illis
2076 5454 2161 5521 lieu-
2227 5436 2231 5446 ’

1319 5575 1322 5580 ·
1339 5565 1518 5634 terenomii
1542 5564 1575 5633 in
1592 5565 1706 5636 codice
1722 5563 1814 5634 ltasii
1830 5563 1886 5651 (ct.
1903 5581 2015 5652 supra,
2028 5567 2064 5652 'p.
2084 5565 2163 5650 tlt)

1339 5684 1431 5748 etex
1454 5679 1527 5765 ipsa
1551 5679 1657 5748 Exodi
1681 5677 1787 5748 nestri
1804 5677 2060 5764 subscriptione.
2078 5679 2164 5748 Usus

1340 5789 1475 5878 quidem
1498 5791 1648 5863 asterisci
1671 5789 1704 5862 iu
1737 5789 1798 5862 bac
1821 5787 2001 5862 collatione
2025 5789 2164 5862 oltertur
