4628 6380
283 579 307 664 t.
325 583 379 650 os.
392 595 420 643 r.
437 533 440 540 ⁴

1203 231 1385 299 ...81-

553 383 723 498 ,02:22
753 394 996 496 lenonem
1026 403 1152 522 >usqe
1182 362 1248 470 0⁰01

558 497 573 522 ‘
701 565 850 689 9³2&
881 543 1068 679 <sm
1093 545 1249 672 'moa

778 735 882 855 lello
911 724 1052 879 ιᾶμΜ
1083 747 1246 869 ilem-l
1272 762 1313 828 ¹³

627 1285 794 1404 „ew-X
823 1289 956 1399 χώ
972 1285 1093 1375 Ml)
1122 1289 1246 1391 eth-ap

695 1467 812 1594 isne
842 1477 1003 1606 ‚lu-,22
1032 1487 1247 1597 motatore

418 3391 533 3454 eontra
557 3395 674 3457 noster
703 3388 865 3475 supponit
899 3391 1038 3460 modum
1061 3395 1246 3481 optativum

324 3515 327 3520 ·
418 3500 611 3585 smmum,
635 3501 727 3588 qnod
750 3518 868 3589 reapse
893 3503 1051 3576 exhibent
1067 3508 1124 3576 Vll
1144 3526 1245 3578 manu
1280 3565 1286 3578 .

416 3612 515 3700 longe
539 3616 732 3700 posteriori,
755 3615 841 3701 lid,
867 3619 996 3704 compl,
1020 3619 1112 3690 Alex.
1138 3621 1245 3720 Graue

417 3727 451 3794 in
475 3727 554 3797 edit.
578 3730 788 3818 Breitingeri,
804 3738 839 3801 et
862 3733 1074 3803 Editionesa
1099 3737 1245 3806 llomana

417 3840 584 3910 derivatae
619 3843 757 3930 plnres,
792 3862 855 3914 neo
879 3846 995 3916 dubito
1028 3847 1061 3916 in
1093 3849 1245 3934 pluribus

416 3969 496 4022 mss.
521 3953 610 4024 idem
634 3972 720 4040 esse,
737 3955 770 4025 id
795 3957 888 4027 nihili
913 3967 976 4043 est,
994 3977 1070 4030 oum
1086 3971 1244 4032 autentus

416 4067 485 4134 lere
500 4083 569 4134 non
586 4066 772 4138 obtinuisse
788 4069 822 4138 in
838 4071 1021 4156 codicibus,
1034 4073 1123 4143 nnde
1135 4075 1243 4143 versio

416 4184 530 4248 nostra
553 4178 637 4247 iacta
660 4186 735 4263 est,
759 4181 938 4250 ostendant
969 4201 1069 4253 voees
1100 4187 1243 4254 Graecae

350 4371 354 4378 ,
416 4290 556 4376 margini
579 4293 732 4362 eodieum
757 4295 1096 4381 Syro-llexaplarium
1119 4299 1244 4384 asorip

418 4409 480 4486 tae,
497 4421 582 4490 quae
605 4403 670 4473 illis
690 4405 733 4474 de
749 4422 844 4474 more
861 4414 984 4475 carent.
1003 4409 1093 4488 Quae
1109 4409 1244 4494 quidem

418 4522 452 4584 et
467 4517 508 4586 ad
524 4523 670 4586 vetustas
693 4517 864 4586 versiones
881 4519 1033 4588 transier.
1051 4520 1179 4590 lhidem
1202 4522 1244 4592 ad

418 4629 502 4696 mois
524 4645 627 4715 marg.
652 4638 684 4696 Σ.
709 4640 739 4697 et
760 4629 898 4699 dimiono
919 4633 1086 4714 mliorem,
1104 4651 1180 4703 oum
1204 4641 1244 4720 ll,

417 4743 477 4812 sed
511 4743 650 4812 liberius
685 4761 748 4830 pro
775 4745 881 4813 torma
913 4747 1143 4831 pronominis,
1168 4748 1244 4838 linet

419 4856 515 4936 bene,
541 4857 690 4942 pressius
705 4871 793 4926 'tero
818 4859 922 4943 syrus
946 4867 1072 4930 noster.

463 4965 602 5064 καθαπερ
624 4991 799 5060 erumpat
813 5001 861 5030 =
876 4989 979 5058 marg.
1004 4974 1177 5042 scholion:
1194 4993 1245 5042 or-

418 5084 506 5150 batus
519 5101 600 5166 nen,
623 5083 740 5151 seilicet
759 5083 846 5172 filiis,
872 5081 1032 5169 additum,
1049 5092 1087 5154 ut
1110 5083 1245 5154 dellnia-

418 5203 474 5262 tur
496 5195 693 5282 significatio
716 5195 808 5266 noeis
832 5197 996 5282 Syriacae,
1021 5214 1105 5284 qnae
1129 5197 1159 5264 vi
1184 5215 1244 5266 sua

418 5309 524 5392 prima
549 5309 789 5396 generaliorem
813 5308 923 5401 habet,
936 5327 1084 5379 sensnm.

466 5424 521 5490 ld.
543 5445 596 5486 και
618 5445 655 5486 ee
679 5443 814 5513 αργυρων
842 5411 979 5506 dietum,
1001 5451 1048 5480 =
1071 5423 1153 5491 haee
1188 5441 1244 5492 se-

419 5537 598 5622 queminus
618 5537 728 5622 jungit
750 5542 889 5619 noster,
911 5541 949 5603 ut
972 5533 1056 5604 aliae
1079 5533 1244 5604 editiones

419 5657 452 5718 et
469 5651 496 5716 ll
513 5647 765 5731 ldasoretlrious,
781 5647 845 5716 nisi
862 5655 972 5716 tamen
997 5653 1159 5733 punctum
1182 5647 1244 5716 all-

419 5761 510 5846 quod
533 5761 639 5830 nostri
662 5779 717 5831 me
739 5761 824 5847 legit
847 5763 881 5829 in
905 5761 991 5831 malo
1006 5761 1119 5830 hahita
1141 5779 1245 5830 mem-

419 5875 531 5942 brana.
558 5876 674 5942 Utrum
702 5891 781 5943 vero
805 5873 839 5944 id
855 5875 971 5944 leserit
995 5879 1112 5943 noster
1127 5891 1168 5944 ex
1185 5893 1243 5944 co-

509 5988 648 6064 llouuan.
672 6005 755 6056 sacr.
779 5999 808 6054 ot
827 5989 911 6074 prot.
937 5990 971 6055 T.
998 5989 1037 6053 ll.

1463 385 1663 492 demna
1692 373 1731 489 tl,
1762 413 1829 526 oft
1858 392 1901 496 ,t
1931 383 2154 472 mem

1416 589 1544 687 aps
1575 587 1741 706 urere
1770 575 2049 672 sewu
2078 569 2156 689 »ἃ

1572 724 1734 850 idle&
1763 747 1937 862 xnem
1968 725 2064 884 [nori
2092 777 2156 864 μ

1386 3393 1438 3459 ld.
1464 3414 1502 3454 av
1516 3421 1563 3449 =
1580 3391 1714 3475 omittit,
1731 3397 1769 3459 ut
1792 3389 1871 3461 alibi
1896 3407 2009 3476 saepe,
2026 3392 2067 3460 ol.
2085 3393 2163 3460 Skat

1339 3502 1493 3586 ltordam,
1517 3504 1589 3572 lud.
1615 3515 1644 3571 et
1667 3503 1762 3587 llud,
1786 3505 1861 3590 llep.
1888 3503 2034 3588 Ground
2058 3507 2114 3588 30,
2133 3509 2161 3573 7:

1338 3614 1455 3682 inserit
1477 3633 1557 3684 tero
1582 3629 1639 3704 e?
1663 3628 1768 3686 notem
1791 3634 1833 3684 ex
1857 3619 1894 3700 P,
1917 3625 1957 3686 ut
1979 3626 2080 3706 puto,
2104 3637 2161 3686 ee-

1339 3726 1418 3795 teris
1442 3729 1583 3797 testibus
1608 3727 1857 3811 delinientibus,
1882 3735 1916 3797 el
1940 3729 1973 3798 in
1995 3733 2022 3798 ll
2042 3747 2156 3796 ansam

1337 3839 1481 3925 aliquam
1501 3839 1614 3911 nabet.

1385 3955 1437 4020 ll.
1462 3951 1601 4043 θυμιαμα
1615 3983 1662 4012 =
1677 3970 1778 4038 marg.
1796 3964 1832 4020 A.
1857 3962 1891 4022 Σ.
1906 3975 2050 4042 wopau,
2065 3953 2164 4038 quod

1337 4072 1374 4133 ut
1408 4065 1508 4134 umus
1532 4066 1669 4152 Aquilae
1693 4083 1735 4135 ex
1758 4065 1862 4136 latino
1891 4067 2083 4152 Hieronymi
2108 4067 2165 4136 dat

1336 4178 1461 4260 llontl,
1478 4185 1512 4247 et
1535 4179 1662 4264 recepit
1684 4179 1718 4246 in
1743 4184 1872 4247 textum
1896 4183 1960 4248 lim
1987 4182 2042 4248 ll:
2068 4179 2113 4247 de
2139 4183 2164 4246 ll

1336 4291 1575 4376 significatione
1611 4293 1783 4370 nonsatis
1810 4293 1937 4380 liquet,
1962 4311 2165 4382 quamquam

1336 4404 1377 4472 de
1400 4416 1541 4472 oronmte
1564 4405 1608 4473 sit
1632 4405 1856 4491 cogitandum.

1344 4579 1348 4586 ,
1380 4539 1433 4580 και
1455 4509 1620 4606 repedetur
1642 4547 1690 4574 =
1714 4517 1748 4585 ill
1771 4517 1903 4603 plurali,
1927 4519 2035 4605 quod,
2060 4527 2100 4586 ul
2125 4521 2166 4587 de

1335 4627 1409 4696 aliis
1442 4628 1543 4717 hujus
1566 4635 1683 4700 tersus
1717 4629 1932 4715 nominibus,
1956 4631 2088 4700 ridetur
2114 4631 2167 4698 rel

1335 4740 1490 4827 usurpari
1513 4741 1547 4808 in
1582 4741 1741 4828 singulari
1776 4759 1881 4830 aeque
1904 4760 1943 4812 an
1971 4743 2006 4810 in
2043 4743 2169 4829 plurali

1335 4870 1398 4940 pro
1421 4854 1581 4940 singulari
1604 4857 1742 4940 Graeco,
1759 4856 1810 4924 vel
1834 4854 1945 4924 solnm
1969 4854 2005 4923 in
2028 4855 2171 4942 plurali.

1335 4983 1411 5034 oum
1428 4967 1470 5036 de
1485 4965 1649 5038 {motinus
1672 4967 1790 5054 agitur,
1808 4985 1885 5038 eum
1908 4969 1957 5038 sio
1973 4979 2123 5055 usurpet
2146 4971 2172 5036 P

1335 5095 1403 5147 non
1427 5078 1537 5148 solum
1559 5079 1635 5158 nio,
1659 5079 1717 5150 uhi
1739 5085 1768 5150 ll
1792 5081 1912 5169 plurali
1947 5081 2077 5166 ulitur,
2106 5083 2176 5150 sed

1335 5191 1435 5261 etiam
1457 5211 1559 5279 supra
1583 5195 1750 5277 XXXVII,
1775 5196 1819 5261 25
1844 5211 1906 5281 pro
1929 5195 1995 5262 alia
2026 5211 2118 5264 rooe
2146 5199 2175 5264 ll

1335 5306 1512 5392 singularis
1547 5307 1739 5377 numeril
1774 5307 1965 5378 Plortasse
2000 5309 2178 5395 pependit

1336 5427 1460 5489 noster.

1383 5535 1435 5600 ll.
1460 5539 1642 5600 emetiar
1664 5563 1713 5592 =
1733 5529 1793 5609 -l-
1815 5535 1901 5605 uolo
1923 5553 1999 5606 cum
2022 5539 2064 5618 ll,
2091 5541 2179 5618 Aet,

1335 5649 1425 5731 mm,
1449 5665 1532 5734 qnae
1556 5656 1590 5718 et
1613 5649 1770 5718 mosano
1792 5649 1868 5734 lert,
1892 5649 1983 5738 qnod
1998 5647 2081 5716 dant
2115 5653 2178 5718 cll

1336 5761 1360 5828 l>
1377 5768 1411 5828 et
1427 5763 1655 5847 symmacum.
1672 5763 1789 5844 Quoad
1809 5763 1951 5832 lormam
1965 5761 2060 5832 verbi
2077 5781 2181 5849 quae

1336 5891 1376 5942 er
1400 5881 1538 5944 aduentu
1563 5873 1729 5947 est.modi
1764 5873 1942 5946 infinitio
1976 5871 2054 5954 sn,
2080 5873 2182 5942 dnm

2048 5987 2070 6054 l
