4704 6396
204 335 382 412 discritiois
401 343 530 410 suinma'
546 338 612 410 lide
627 337 734 410 codici
757 339 862 410 institi
885 339 935 409 rei
961 355 1022 428 pro

205 453 294 535 loeo,
311 469 410 540 quem
427 453 460 521 in
477 453 548 539 ipsa
565 453 660 522 litera
677 454 843 534 tenebant,
861 461 1024 542 quatenus

203 564 282 634 sirit
301 564 430 634 diuersa
452 563 588 634 inullis
611 565 717 636 literis
740 567 846 636 torma
869 575 1024 654 typorum

204 677 247 746 ab
266 694 304 745 ea
329 675 462 747 codicis.
486 677 746 770 numerisusns
760 694 837 748 earn
860 697 920 766 pro
943 680 1027 750 indi·

203 789 321 869 cibus,
346 789 401 876 qui
425 791 563 860 deerant
578 790 621 860 'iu
645 791 743 877 typis,
766 791 800 860 in
824 792 1025 862 remittendo

203 904 247 974 ad
268 901 472 988 marginalia.

220 1024 225 1030 '
250 1017 406 1086 comtum
430 1018 657 1104 apographum
680 1033 792 1088 meum
812 1019 854 1088 ad
877 960 1026 1088 coliem

202 1133 369 1216 integrum
394 1131 542 1215 contuli,
570 1137 604 1202 et
632 1133 759 1218 aliquot
785 1132 920 1218 paginas
947 1151 1025 1219 pera-

202 1245 354 1314 diffrailes
378 1246 510 1330 saepius
533 1245 644 1328 etiam,
668 1245 786 1314 saltem
809 1245 842 1314 in
866 1245 949 1314 locis
972 1263 1027 1316 ve

201 1358 298 1428 iratis.
322 1359 372 1426 De
395 1359 515 1444 quibus
538 1377 628 1443 vero,
644 1379 720 1428 euru
743 1368 842 1428 notas
862 1377 955 1428 meas
971 1377 1027 1448 pa-

202 1489 311 1542 rarem
334 1479 368 1560 et
391 1471 513 1541 librum
540 1471 764 1555 discuterem,
793 1471 893 1542 dubia
922 1470 1025 1541 subo·-

202 1583 397 1666 richantnr,
422 1584 576 1652 consului
608 1587 646 1654 D.
672 1584 873 1654 Guilelmum
897 1585 1026 1671 Wright

202 1697 237 1766 in
260 1697 374 1766 Museo
397 1696 587 1765 Britannico
604 1696 823 1768 assistentem
848 1717 908 1786 pro
933 1699 1026 1768 libris

201 1811 453 1898 manuscriptis,
479 1811 535 1898 qui
558 1811 629 1897 pari
655 1829 731 1880 cum
754 1812 903 1882 doctrina
927 1813 1028 1882 hene·

202 1923 344 1992 volenda
360 1923 640 2012 postulationihus
656 1925 740 1994 meis
764 1943 896 2011 semper
916 1943 1027 2012 prom·

202 2037 354 2124 piissime
377 2035 545 2106 satislecit.
570 2037 606 2106 Si
622 2037 703 2124 quid
725 2055 803 2106 vero
827 2036 934 2106 serius
958 2037 1027 2106 aui·

201 2151 371 2235 madverti,
397 2167 496 2238 quam
520 2150 813 2221 illumeonsulera
837 2148 967 2234 liceret,
991 2151 1025 2218 iri

201 2263 290 2332 notis
303 2263 473 2344 adnotavi;
499 2263 588 2351 quod
605 2271 716 2332 umen
732 2265 785 2332 rix
800 2281 866 2332 una
882 2265 1025 2333 alterave

200 2376 270 2446 rice
293 2375 427 2468 lactum.
452 2379 609 2446 ceterum
632 2379 704 2447 heri
728 2395 796 2448 non
810 2378 964 2465 poterit,
988 2384 1025 2448 ut

199 2489 234 2556 in
258 2505 359 2571 cursu
375 2488 535 2584 editionis
546 2490 709 2560 versionis
726 2498 860 2560 nostrae
883 2499 955 2562 turn
970 2509 1026 2561 eo-

199 2601 290 2670 dices
310 2618 380 2669 non
396 2603 571 2688 reperiam,
586 2605 641 2690 qni
658 2605 710 2673 vei
725 2605 958 2691 supplementa
972 2606 1024 2674 vel

199 2714 264 2782 alin
281 2715 480 2801 exemplaria
492 2715 636 2800 partium
656 2716 820 2786 editarum
836 2715 1023 2801 exhibeant

200 2836 271 2898 tuna
287 2829 504 2896 occasionem
529 2845 596 2896 nnn
620 2827 760 2898 habeam
782 2827 875 2914 ipsos
891 2827 1023 2898 codices

197 2939 308 3009 oditns
325 2938 678 3038 iteruminspiciendi,
702 2947 774 3008 tum
796 2939 931 3008 demum
954 2957 1022 3008 non

198 3054 363 3124 inveniam
385 3054 452 3123 ulla
478 3053 671 3139 corrigenda
695 3055 764 3122 sire
788 3070 849 3138 per
872 3071 936 3135 me,
953 3053 1022 3122 sive

198 3167 240 3236 ab
256 3166 329 3239 aliis
345 3165 496 3236 indicata.
513 3166 586 3236 Vita
603 3166 723 3236 ocrnbe
739 3167 773 3234 in
795 3183 847 3235 me
863 3167 1021 3252 suscipio,

199 3287 236 3350 ut
260 3282 292 3350 in
317 3281 500 3366 appendice
522 3297 562 3350 aa
585 3280 696 3350 omnia
725 3286 912 3367 praestem,
938 3295 1022 3366 quae

198 3395 407 3481 quacumque
435 3394 564 3462 ratione
593 3411 678 3480 opus
709 3410 821 3463 meum
845 3392 1022 3462 emendare

198 3508 446 3597 editionumque
471 3515 582 3578 textus
605 3509 960 3596 perlicere-poterunt.

311 3759 343 3824 Ξ.
370 3759 417 3826 De
442 3777 584 3826 suasinus
602 3779 733 3858 'carmem
757 3777 906 3826 ineramus

406 3901 412 3912 ¹
443 3893 476 3938 an
502 3867 771 3940 annorirrcrneus.

243 4076 279 4144 in
296 4073 566 4146 annotationibus
582 4075 664 4146 meis
681 4091 765 4163 quae
782 4083 951 4162 praestare
968 4093 1021 4145 ve·

196 4186 265 4268 lim,
291 4191 381 4273 petet
405 4205 447 4256 ex
470 4185 545 4273 ipso
569 4189 666 4271 libro,
683 4195 717 4258 et
741 4189 880 4259 indicari
902 4189 970 4276 jam
986 4187 1019 4258 in

196 4300 210 4365 1
234 4297 391 4371 lasciculo
418 4301 500 4370 lomi
524 4303 546 4384 l,
572 4301 677 4369 Praei.
701 4319 733 4387 p.
758 4324 827 4385 rur,
853 4317 943 4388 seqq.
969 4300 1020 4370 b'il

199 4427 279 4496 ergo
303 4411 469 4499 reliquum
491 4413 555 4480 uisi
580 4419 617 4482 ut
640 4413 786 4483 subsidia
810 4413 942 4496 critica,
966 4431 1021 4484 eo·

187 4523 338 4612 'rumque
366 4525 449 4610 sigla
472 4541 547 4592 curn
576 4525 686 4610 aliqua
717 4525 1020 4610 animadversione,

198 4637 254 4706 ubi
272 4641 297 4706 'a
321 4657 358 4708 re
382 4637 435 4721 sit,
461 4655 662 4708 recenseam.

241 4751 314 4818 ab:
338 4749 440 4822 editio
458 4753 603 4822 Romana
627 4753 712 4820 Lxx
729 4750 807 4818 anni
825 4752 924 4832 laea,
943 4766 1021 4836 quaa

198 4876 274 4932 cum
298 4870 410 4934 textus
435 4865 539 4947 Syrus
565 4863 742 4932 confertur.
780 4867 783 4876 '
909 4937 912 4945 Δ

241 4977 319 5044 Hm.-
343 4992 431 5046 unus
456 4975 551 5045 tmtis
567 4975 798 5062 Holmesianae
815 4974 1019 5054 collationis,

195 5091 252 5176 qui
279 5097 392 5160 tamen
420 5105 521 5175 saepe
548 5087 586 5156 in
616 5089 680 5158 hcc
711 5105 790 5158 casu
826 5087 1021 5160 nominatim

196 5201 368 5272 indicator.
393 5203 512 5270 lirani
536 5201 604 5272 duo
628 5199 910 5286 planesretestos
936 5199 1021 5272 liol-

195 5315 341 5385 mesiani.
364 5315 537 5384 bradone
560 5311 682 5398 prioris
706 5313 853 5384 iascieuli
877 5312 960 5392 tomi
985 5313 1020 5392 1,

195 5427 251 5498 ubi
268 5427 458 5514 singillatim
475 5427 706 5499 ilolmnsianos
718 5434 821 5496 testes
834 5425 1020 5507 abaraham,

194 5538 325 5610 duabus
348 5539 398 5609 de·
414 5540 523 5610 causis
547 5539 698 5610 discessi.
724 5538 834 5608 Prima
861 5543 915 5606 est
945 5535 1020 5622 quia

193 5653 292 5739 ionga
314 5669 372 5723 res
395 5654 646 5726 atatnimiset
668 5652 767 5725 dmul
791 5649 927 5732 inutilis,
944 5665 1021 5720 oum

196 5765 226 5834 ei
242 5766 305 5852 qni
322 5767 639 5855 catinaeinqairere
654 5763 912 5838 aelitintestes
923 5761 1020 5844 hilii,

194 5879 444 5952 helmesianum
464 5899 552 5969 epus
576 5881 620 5952 sit
635 5875 884 5960 perimentium,
900 5881 1020 5966 utrnqn

1114 344 1326 412 enatandum
1349 343 1453 410 testas
1476 335 1535 424 qui
1558 351 1634 408 cum
1658 338 1938 427 Syro-herapiari

1117 451 1338 536 conveniunt,
1370 452 1429 523 sed
1461 457 1591 522 ceteros
1621 451 1673 522 rel
1695 453 1940 528 ‘dissentientes

1116 565 1478 653 perspectbshabcat,
1512 573 1549 634 ut
1576 580 1617 634 ea
1647 567 1802 636 nrnrdbus
1834 568 1939 638 doen·-

1116 681 1237 752 nentis
1274 680 1409 750 demum
1444 680 1604 766 iudicium
1644 683 1738 752 ierat.
1777 683 1940 768 Equidem

1117 793 1178 864 hac
1194 783 1243 864 'de
1267 811 1366 864 causa
1394 801 1523 862 ceteros
1555 811 1688 880 qnoque
1719 800 1837 864 testes.
1858 798 1943 866 LXX

1116 905 1250 976 aliunde
1280 905 1403 976 accitos
1434 905 1573 974 reticere
1602 907 1811 990 debuissem
1842 909 1942 978 malui

1117 1026 1227 1091 tamen
1251 1019 1304 1087 bie
1320 1019 1500 1103 abundare,
1517 1019 1593 1106 quia
1613 1018 1780 1092 interdum
1796 1022 1862 1091 erit
1883 1022 1945 1091 dil·

1115 1133 1202 1202 licile
1225 1133 1398 1202 universos
1422 1131 1597 1203 consulere
1622 1133 1651 1201 ei
1684 1135 1740 1219 qui
1765 1153 1782 1204 a
1815 1135 1940 1206 Biblio-
2040 1117 2046 1122 ’

1116 1245 1221 1314 thecis
1238 1245 1412 1316 ditioribus
1436 1246 1541 1328 abest,
1558 1253 1591 1314 et
1608 1247 1707 1314 etiam
1725 1254 1760 1315 ut
1777 1248 1877 1336 aliqui
1891 1257 1942 1318 ie-

1116 1365 1185 1428 stes
1209 1359 1291 1428 certi
1314 1366 1572 1444 apponerentur,
1591 1359 1620 1428 si
1644 1361 1780 1430 hoines
1804 1375 1940 1448 peccas-

1116 1470 1217 1540 setin
1241 1488 1300 1538 sua
1317 1471 1504 1554 collatione,
1522 1489 1621 1558 quam
1638 1473 1824 1544 allerohaln.
1844 1477 1939 1557 Quod

1116 1585 1249 1672 quidem
1266 1603 1342 1656 cum
1365 1603 1432 1656 non
1457 1586 1624 1667 raro-hat,
1649 1587 1752 1656 aliern
1769 1607 1868 1658 eausa
1885 1607 1942 1658 ex·

1115 1698 1199 1768 stitit
1214 1698 1305 1779 mihi,
1319 1705 1357 1767 ut
1373 1697 1567 1766 nominatim
1583 1697 1732 1784 singulos
1747 1699 1819 1784 eius
1838 1706 1941 1770 testes

1116 1809 1304 1880 desinerem
1320 1811 1473 1880 excitare.
1492 1811 1559 1878 Cur
1584 1810 1673 1879 enim
1698 1829 1851 1897 magnam
1868 1831 1942 1898 par-

1115 1930 1183 1992 tem
1200 1923 1451 1994 annotationum
1475 1941 1624 1996 mearum
1647 1925 1735 1994 notis
1759 1926 1941 1998 belmesio-

1115 2035 1375 2122 corruptorem,
1392 2053 1476 2123 quae
1492 2052 1651 2108 erroneae
1675 2053 1775 2124 saepe
1800 2044 1889 2122 sunt,
1907 2047 1941 2108 et

1116 2165 1156 2218 er
1181 2155 1250 2220 tota
1274 2147 1460 2220 collationis
1478 2148 1668 2220 conditione
1685 2149 1785 2220 tidem
1808 2152 1940 2222 nonnisi

1115 2260 1228 2348 paullo
1259 2259 1393 2330 dubiam
1427 2269 1621 2345 merentur,
1645 2259 1722 2331 licet
1753 2262 1787 2330 in
1811 2279 1940 2334 summa

1115 2372 1276 2459 integram
1299 2372 1434 2442 testium
1457 2364 1543 2444 LXX
1566 2373 1758 2447 varietatem
1784 2377 1940 2458 oderant,
2078 2383 2080 2388 '
2184 2381 2189 2391 '

1115 2504 1200 2574 quae
1222 2487 1303 2556 satis
1326 2486 1426 2556 etiam
1450 2504 1511 2572 pro
1529 2487 1601 2574 ejus
1618 2487 1810 2560 conditione
1828 2497 1862 2566 et
1878 2489 1942 2558 ori-

1115 2599 1190 2684 gine
1213 2599 1409 2677 exhibetur,
1432 2601 1461 2669 si
1485 2619 1504 2668 a
1527 2618 1581 2670 nne
1604 2601 1770 2672 alienanda
1795 2609 1869 2687 est,
1901 2619 1940 2672 ea

1115 2729 1179 2797 qna
1203 2718 1280 2780 utor
1296 2712 1444 2786 ratione?
1464 2713 1590 2784 sedne
1615 2714 1940 2803 hoinesianooperi

1113 2823 1238 2910 ingenti
1273 2823 1345 2894 sine
1370 2839 1467 2897 causa
1498 2826 1672 2896 detrahere
1697 2827 1830 2910 ridear,
1864 2831 1941 2898 licet

1114 2937 1233 3006 alicubi
1268 2938 1302 3008 in
1322 2939 1427 3008 -notis
1459 2940 1529 3025 jam
1552 2940 1624 3026 cius
1659 2955 1792 3010 errores
1825 2941 1941 3030 attige-

1113 3048 1197 3132 rim,
1222 3049 1361 3135 subjicio
1386 3051 1571 3136 sphalmata
1602 3043 1818 3122 collationum
1849 3055 1939 3126 illius

1113 3158 1147 3228 in
1170 3159 1252 3228 loeis
1277 3161 1429 3230 codicum
1453 3163 1610 3239 Vaticani,
1635 3165 1823 3236 sarraciani
1844 3169 1934 3253 ejus-

1113 3273 1255 3360 demque
1272 3273 1462 3351 colbertini,
1479 3282 1513 3344 et
1533 3276 1735 3362 coisliniani,
1752 3296 1837 3364 quos
1861 3290 1936 3349 cunr

1112 3399 1206 3472 testu
1228 3395 1315 3462 Lxx
1350 3393 1507 3462 iiolroesii
1541 3393 1680 3480 ejusque
1704 3395 1937 3466 collationibus

1112 3504 1298 3590 comparavi
1322 3521 1363 3574 er
1387 3504 1507 3574 tabulis
1531 3505 1564 3572 in
1589 3505 1747 3578 silvestre
1764 3508 1936 3596 Pullopic-

1107 3617 1181 3706 pbie
1210 3610 1417 3702 Uniooarlle,
1441 3619 1475 3687 T.
1500 3620 1551 3701 ll,
1587 3635 1649 3704 pro
1679 3619 1871 3691 colbertino
1904 3629 1937 3690 et

1111 3729 1325 3811 coislinieno,
1349 3729 1384 3799 in
1409 3729 1628 3800 Tischendorl
1639 3731 1724 3800 noo.
1742 3733 1821 3812 Soc,
1834 3737 1869 3804 Τ.
1881 3738 1936 3820 lli,

1111 3859 1172 3928 pro
1197 3842 1403 3926 Sarraviano,
1426 3843 1460 3912 in
1483 3844 1557 3926 Mai,
1581 3844 1610 3910 V.
1634 3854 1662 3912 et
1685 3845 1724 3910 Ν.
1748 3819 1841 3929 lest,
1860 3849 1896 3916 T.
1912 3850 1936 3930 i,

1110 3971 1172 4040 pro
1185 3954 1351 4026 Vaticano.
1369 3959 1434 4042 Pro
1447 3957 1562 4027 codice
1579 3943 1739 4028 Holmesii
1753 3960 1809 4029 vn
1825 3965 1936 4054 potest
2027 4015 2032 4022 .
2052 3971 2057 3986 ·

1107 4067 1251 4154 ,quisquo
1267 4068 1419 4138 conterre
1442 4069 1533 4140 illius
1555 4071 1748 4142 sarbaram
1773 4090 1849 4144 cum
1869 4075 1937 4146 edi-

1107 4181 1201 4254 tione
1225 4197 1299 4251 mea
1321 4181 1355 4250 in
1381 4189 1473 4252 tomo
1498 4185 1552 4266 ill,
1570 4185 1660 4270 quod
1685 4184 1773 4254 idem
1797 4186 1839 4256 de
1863 4186 1936 4254 aliis

1109 4289 1203 4363 libris
1234 4294 1341 4364 iacere
1365 4293 1463 4378 licet,
1487 4297 1684 4382 praesertim
1713 4298 1753 4368 de
1778 4299 1935 4370 editioni-

1108 4400 1173 4470 bus
1196 4401 1315 4493 hldiua
1349 4410 1384 4472 et
1418 4405 1658 4490 complutensi.
1689 4406 1792 4476 Omisi
1825 4413 1936 4484 autem

1109 4531 1168 4597 ea,
1190 4531 1276 4601 quae
1299 4515 1435 4586 Holmes
1458 4535 1499 4586 ex
1523 4533 1603 4586 suae
1628 4517 1813 4590 collationis
1828 4519 1934 4590 insti-

897 4662 901 4670 ·
1007 4685 1014 4697 ,
1110 4629 1183 4696 tuto
1207 4627 1402 4712 negligebat.

1155 4739 1343 4821 Vaticanus,
1356 4737 1587 4810 Holmasianus
1604 4742 1644 4823 il,
1657 4743 1739 4810 Gon.
1753 4745 1861 4824 xhvl,
1875 4746 1935 4814 2&

1097 4851 1238 4954 ¹libelli,
1265 4852 1316 4918 at.
1339 4850 1444 4920 'hliert
1469 4853 1605 4954 botones
1630 4859 1759 4923 tanturn
1783 4871 1843 4924 ser
1866 4855 1934 4924 lec-

1110 4963 1219 5033 tiones
1246 4963 1372 5045 varim,
1396 4964 1543 5052 quinque
1572 4973 1663 5044 recte
1697 4965 1935 5056 proferuntur,

1111 5076 1170 5144 sed
1181 5097 1218 5140 το
1231 5098 1365 5168 αργυριον
1376 5099 1449 5158 παν,
1463 5077 1553 5162 quod
1569 5078 1678 5148 attulit
1691 5077 1732 5146 ad
1744 5079 1867 5162 biblii,
1881 5082 1934 5162 ld,

1111 5187 1348 5270 retrahendum
1370 5196 1422 5260 est
1445 5189 1488 5286 cd
1510 5207 1538 5256 e.
1559 5191 1612 5272 ib,
1630 5189 1687 5261 uhi
1711 5190 1820 5260 solum
1845 5191 1934 5259 Vati-

1111 5319 1214 5372 canus
1237 5302 1278 5372 ah
1303 5301 1392 5384 edito
1417 5303 1592 5390 discrepat.
1619 5306 1794 5376 Praeterea
1824 5303 1935 5375 ambit

1112 5414 1171 5484 has
1195 5414 1389 5502 maletates:
1411 5418 1523 5498 xlvi,
1548 5418 1593 5489 29
1615 5418 1742 5500 abacta,
1766 5415 1856 5504 quod
1880 5433 1934 5486 se·

1113 5529 1221 5603 cunda
1237 5547 1360 5604 ‘manue
1384 5530 1464 5618 legit
1488 5549 1548 5618 pro
1573 5553 1660 5598 πιονι.
1686 5549 1716 5598 e.
1740 5532 1785 5602 {lh
1809 5531 1934 5621 αραβια.

1111 5645 1248 5726 XLVII,
1275 5645 1289 5714 l
1316 5661 1384 5718 nen
1411 5644 1572 5715 indicarit
1603 5645 1752 5714 codicem
1781 5643 1934 5714 omittere

1113 5761 1293 5844 utrumque
1315 5779 1382 5846 μου.
1398 5774 1427 5826 r.
1447 5760 1661 5848 brutopaers,
1680 5775 1742 5842 pro
1753 5761 1924 5827 aarum
2055 5773 2066 5798 ι

1112 5869 1192 5942 licet
1215 5869 1256 5942 de
1280 5869 1353 5943 aliie
1378 5869 1546 5950 codicibus
1571 5870 1700 5940 retent.
