4678 6406
1265 231 1447 282 ..11-

494 327 545 398 vel
560 325 660 398 etiam
675 341 717 396 ex
732 323 878 402 textibus
894 321 1027 394 Graccis
1050 321 1202 404 indicam
1221 323 1314 410 ouod

494 441 564 512 suis
595 439 686 516 locis⁴
710 437 786 508 dala
819 436 994 514 occasione
1024 435 1098 510 leri.
1130 437 1214 510 item
1243 436 1313 528 iare

492 569 627 638 semper
657 551 774 620 incerti
805 565 922 620 somus
952 549 996 620 de
1025 548 1086 631 iis,
1111 563 1196 634 orme
1223 565 1314 618 ama»

494 665 612 740 nuensi
637 663 736 734 tribui
761 669 922 750 possunt,
945 663 1088 734 testibus
1115 663 1208 748 syris
1230 663 1314 736 dade

494 778 676 862 cientibus,
700 777 765 848 nisi
787 777 856 846 sint
878 775 1060 861 ejusmodi,
1083 791 1230 864 pancos
1246 775 1315 844 ,ba-

494 891 564 960 bitu
585 890 736 960 codicum
761 886 1193 974 Syro-ileraplariumcum
1206 887 1315 973 aliqua

493 1001 726 1088 probabilitate
750 1017 816 1072 non
849 999 975 1082 Paulo,
999 1017 1063 1070 nec
1085 1000 1315 1086 ejusdemne

494 1114 684 1198 codicibus,
713 1113 772 1188 sod
804 1111 1062 1183 amanuensibus
1092 1110 1184 1197 Syris
1214 1112 1315 1187 bibul

493 1229 637 1310 debent,
661 1227 784 1320 quajin
819 1242 856 1294 re
891 1243 1008 1312 parum
1031 1225 1133 1296 reierl
1154 1227 1316 1296 ¹nustriae

493 1341 616 1410 codicis
647 1339 863 1423 amanuensi,
887 1357 934 1410 an.
952 1340 1025 1425 ejus
1048 1341 1316 1410 antecessoribus

492 1456 559 1524 sint
582 1453 699 1524 danda.
726 1453 920 1540 cujusmodi
944 1460 1023 1522 sunt
1046 1453 1242 1539 praesertim
1265 1469 1316 1538 er·²

492 1584 587 1636 rores
611 1585 653 1634 ex
669 1564 850 1634 omissione
874 1572 1028 1634 notarum
1052 1565 1214 1650 origenis,
1231 1573 1315 1634 aste·

493 1680 570 1750 risoi
594 1696 732 1764 nempe,
753 1677 860 1761 obeli,
884 1677 1053 1760 metobeli,
1076 1695 1160 1764 quas
1183 1677 1316 1747 codices

492 1792 730 1878 Ambrosianus
747 1798 780 1862 ct
796 1790 1018 1862 londinensis
1033 1790 1220 1876 brodium
1237 1807 1316 1876 prae

493 1907 612 2002 ceteris
641 1897 783 1975 correcti
813 1905 894 1977 mibi
925 1903 1102 1986 videntur,
1125 1903 1316 1990 diligentius

493 2021 602 2092 solent
626 2037 795 2106 apponere
819 2017 938 2105 maiori
961 2017 1027 2086 bda
1048 2023 1180 2088 tuentes
1205 2023 1316 2086 tentus

493 2132 835 2230 Pauliconditioncm,
849 2129 1206 2222 ouipptimoscodioes
1219 2133 1318 2200 Grae·

492 2265 550 2317 cos
566 2253 683 2316 nactos
699 2252 762 2326 est,
778 2251 814 2312 ut
831 2261 871 2312 en
888 2243 1096 2314 documentis
1110 2242 1148 2310 in
1162 2241 1317 2332 Prologu-

491 2360 599 2430 menis
620 2356 912 2428 demonstrabitur.
937 2359 1025 2426 llaec
1047 2371 1180 2441 quonam
1193 2354 1316 2440 :sphal-

491 2480 601 2556 mata‚
626 2471 682 2539 ubi
707 2469 862 2538 subolere
887 2467 1062 2552 poloi,.in
1090 2466 1181 2538 uotis
1204 2467 1316 2552 attigi,

491 2584 552 2654 sed
575 2583 644 2652 lere
668 2583 702 2650 in
725 2597 848 2668 genera
872 2579 1216 2666 erroremssiudicans,
1240 2596 1317 2650 cum

490 2713 608 2782 reapse
630 2696 671 2765 do
695 2693 837 2779 singnlis
858 2712 899 2764 er
915 2694 965 2762 rei
988 2701 1105 2764 natura
1127 2693 1318 2777 difficulter,

491 2809 542 2877 vel
559 2807 697 2877 omuino
714 2823 782 2876 uon
807 2805 946 2876 delinire
969 2807 1077 2890 liccat,
1102 2813 1215 2876 ulnam
1230 2822 1318 2875 ama

454 3004 457 3012 ,
492 2921 640 3008 nuepsis,
657 2937 698 2988 an
715 2922 860 2988 Graecus
876 2919 1075 3006 archetypus
1091 2919 1185 2988 Pauli
1197 2919 1242 2987 in
1257 2918 1316 2990 illo

491 3034 566 3102 loco
583 3031 750 3101 erraverit.
767 3030 903 3116 Aliquid
921 3030 1059 3100 subsidii
1083 3032 1118 3100 iu
1138 3031 1200 3100 bae
1215 3049 1252 3100 re
1275 3051 1317 3101 ex

491 3146 644 3217 versione
673 3144 812 3216 arabica
841 3144 965 3218 ilaretb
999 3145 1065 3214 bau
1097 3145 1207 3214 Senau
1238 3163 1316 3231 per-

492 3261 594 3346 cipire
611 3259 770 3345 licuisset,
794 3259 853 3328 sed
879 3258 930 3328 vin
955 3257 988 3326 id
1011 3265 1181 3342 praestare
1206 3263 1318 3342 potest

491 3372 701 3444 liolmeslana
717 3371 791 3457 ejus
803 3371 947 3451 solatio.
961 3369 1028 3440 Sed
1039 3371 1076 3438 io
1086 3385 1215 3443 summa
1227 3377 1319 3439 cama

490 3487 572 3557 baec
595 3493 684 3568 suut,
708 3491 862 3554 nostrum
887 3484 1021 3570 quidem
1037 3485 1190 3554 codicem
1207 3485 1318 3568 miuus

492 3605 606 3670 ennete
631 3598 740 3684 oooao
765 3604 861 3667 notas
891 3596 1042 3682 origenis
1067 3605 1318 3683 repraesentare

461 3776 469 3790 .
491 3719 619 3784 tentum
632 3709 983 3798 lienaplarcmprouti
996 3709 1036 3778 ab
1050 3709 1318 3780 lllocouslitutue

462 3843 465 3848 ·
490 3821 1317 3909 luit,etpalaterms.samariane,quemcnntuli

491 3935 679 4020 peremnia
696 3951 773 4004 cum
789 3940 909 4002 nostro.
923 3936 1038 4016 iililll,
1055 3936 1244 4021 dd-Xlilili
1263 3938 1317 4016 ll;

342 4099 350 4116 .
491 4046 634 4127 lixlllll,
651 4047 748 4125 alti,
766 4045 827 4114 sed
850 4045 1095 4132 acuunaillum
1112 4051 1240 4134 textum
1256 4064 1318 4133 pro

492 4155 637 4226 lectione
653 4175 771 4244 magua
795 4157 861 4232 ode
877 4160 1003 4228 reterre
1027 4164 1119 4244 patet
1142 4176 1184 4228 en
1199 4159 1319 4230 eodem

493 4270 688 4342 sarraliam
705 4271 845 4360 aliisque
862 4273 1042 4349 codicibus,
1058 4271 1136 4342 licet
1151 4271 1318 4343 interdum

494 4383 648 4452 aberrare
672 4390 706 4452 ct
729 4383 840 4470 ipsum
865 4391 1021 4472 appmeat
1045 4397 1087 4454 er
1110 4384 1200 4459 amb
1223 4385 1317 4470 meis,

494 4501 566 4564 tum
589 4493 624 4562 in
648 4493 731 4564 locis
755 4495 875 4576 allatis,
892 4502 963 4568 mm
987 4494 1076 4578 alibi,
1091 4501 1130 4566 ut
1145 4497 1268 4580 llbllii,
1285 4501 1316 4568 l.

491 4609 655 4695 Excerpta
679 4610 815 4680 demum
838 4612 1063 4712 interpretum
1078 4610 1170 4696 quod
1184 4611 1318 4696 attinet,

492 4719 624 4805 parcior
648 4721 783 4808 quidem
808 4728 866 4803 ,est
894 4728 1010 4792 noster
1030 4721 1118 4792 liber
1137 4740 1220 4810 prae
1243 4726 1317 4811 ple·

389 4912 393 4920 ,
491 4837 604 4926 risque
627 4839 887 4926 llexaplaribus,
914 4840 974 4910 sed
997 4848 1110 4922 utrum
1131 4841 1205 4929 ejus
1228 4859 1317 4913 ama·

493 4953 622 5037 uueusi,
639 4971 682 5022 an
705 4951 840 5022 Graecis
863 4951 1034 5022 codicibus
1057 4952 1101 5022 sit
1123 4952 1232 5024 danda
1252 4955 1317 5024 ista

492 5072 682 5150 paupertas,
706 5081 774 5134 nou
799 5063 914 5152 liquet.
930 5064 1007 5133 ·Sed
1031 5081 1073 5134 en
1096 5066 1229 5136 Graecis
1252 5067 1316 5136 do-

492 5180 679 5263 cumentis,
705 5197 789 5267 quae
817 5179 851 5248 io
878 5179 968 5250 notis
991 5180 1075 5250 meis
1102 5179 1225 5264 retuli,
1249 5179 1317 5250 lide

491 5291 610 5376 diguus
627 5298 679 5360 est
702 5291 749 5360 iu.
762 5291 940 5366 tribuendo
954 5293 1026 5364 suis
1042 5287 1235 5385 auctoribus
1251 5293 1317 5363 loo-

489 5403 610 5486 tiones,
628 5419 710 5492 quas
727 5404 847 5492 amque
870 5407 1046 5493 interpreti
1070 5407 1229 5492 assigned
1254 5406 1318 5476 sic-

490 5514 547 5586 ubi
558 5531 637 5586 roro
655 5517 811 5602 peccarit,
825 5517 988 5588 adnotavi.
1005 5521 1152 5592 Domum
1164 5518 1206 5587 ad
1222 5518 1316 5588 Pauli

441 5656 447 5668 ·
490 5633 580 5698 certe
596 5626 813 5714 archetypum
837 5647 904 5700 uon
925 5629 1140 5712 mediocriter
1161 5638 1315 5702 nestrum

489 5739 638 5812 codicem
662 5743 842 5830 assedere,
873 5761 1013 5831 argarere
1041 5743 1119 5814 licet
1146 5741 1246 5813 etiam
1273 5759 1316 5814 cx
1348 5729 1351 5738 ’

487 5853 673 5941 scripturae
684 5855 854 5946 diligentia
872 5861 1001 5936 matun
1011 5861 1046 5928 et
1061 5855 1208 5943 liugnam
1222 5855 1318 5944 qood

1402 321 1532 408 atdnct,
1547 327 1582 392 et
1600 339 1642 394 ex
1665 319 1738 410 eius
1761 329 1881 404 acuta
1905 337 1989 410 onae
2010 323 2188 410 prormeo

1405 439 1591 524 inletprete
1612 438 1717 506 abest.
2278 450 2279 455 ¹

1449 547 1667 618 bur-codex
1689 555 1780 620 iulus
1802 545 1933 618 misus
1960 549 2074 634 lenit,
2094 561 2125 621 ol
2149 573 2191 624 su-

1404 657 1655 744 ammnlmtum'
1677 660 1712 728 in
1734 661 1889 746 pluribus
1911 662 2026 731 solnm
2047 664 2127 734 libris
2144 685 2191 734 ro-

1405 771 1722 854 ditlodmbroeiani,
1739 787 1807 844 neo
1822 773 1905 856 eatis
1918 767 2191 862 umbemgomero

1405 891 1618 967 utaffl'ram
1642 886 1721 954 boot
1739 887 1884 974 abmam
1899 889 2089 958 minionem
2102 890 2193 960 immi

1405 1013 1505 1068 onus.
1514 998 1641 1084 merae
1655 997 1750 1068 locus
1774 999 1881 1084 prima
1897 1017 1997 1070 mano
2018 1009 2193 1084 miraculos,

1405 1109 1473 1198 nisi
1482 1109 1520 1180 id
1533 1111 1568 1180 in
1584 1117 1661 1180 actu
1682 1109 1878 1196 scriptionis
1898 1111 2022 1182 batum
2039 1113 2136 1184 tuerit.
2150 1118 2193 1184 Sc·

1404 1221 1554 1294 rioribus
1573 1221 1663 1294 curis
1685 1227 1799 1292 autem
1821 1221 1869 1292 uil
1901 1231 2058 1308 mantum
2085 1227 2193 1294 memini

1404 1336 1578 1408 indoctum
1600 1335 1790 1420 verbulis,
1812 1335 1876 1406 sed
1907 1335 2069 1405 interdum
2095 1337 2194 1405 indicos

1403 1449 1634 1536 mergentium
1656 1449 1708 1518 nel
1732 1449 1766 1518 iu
1790 1454 1909 1533 textu,
1933 1449 1991 1520 vel}
2006 1450 2039 1518 lu
2060 1449 2193 1534 margine,

1403 1562 1456 1632 tel
1483 1563 1662 1650 utrobique
1690 1561 1950 1649 cumimpiis
1984 1563 2105 1643 minus;
2125 1564 2194 1650 quod

1403 1673 1600 1759 praesertim
1623 1675 1748 1745 tactum
1770 1693 1873 1760 saepo
1892 1693 1956 1761 pro
1977 1674 2136 1757 indicibus,
2155 1676 2193 1742 io-

1404 1786 1587 1874 terdumet
1611 1803 1672 1870 pro
1691 1786 1762 1872 ipsa
1777 1798 1858 1856 roco
1876 1785 1912 1856 in
1927 1793 2065 1869 usias,
2076 1793 2106 1855 et
2116 1795 2193 1854 aas

1402 1905 1552 1980 uma
1577 1917 1641 1987 qna
1657 1899 1699 1970 do
1724 1918 1761 1970 rc
1784 1901 1901 1970 canter
1917 1919 2001 1986 quac
2015 1900 2076 1971 diri
2093 1920 2121 1986 p.
2136 1903 2193 1968 lili.

1403 2013 1503 2084 donis
1521 2015 1617 2084 coris
1641 2014 1740 2085 etiam
1771 2015 1881 2086 danda
1916 2017 2100 2086 instamatio
2125 2023 2193 2082 atm-

1403 2127 1509 2214 monli
1531 2144 1632 2212 saepe
1654 2127 1740 2198 lacta
1762 2127 1797 2196 in
1818 2127 2055 2214 marginalibus
2076 2126 2194 2196 lectioni

1404 2241 1468 2312 bus
1491 2248 1526 2309 et
1548 2241 1649 2321 uode,
1667 2258 1751 2326 quac
1765 2259 1808 2310 er
1825 2243 1904 2310 uoci
1929 2241 2092 2310 atramcoli
2105 2240 2193 2310 colore

1405 2353 1636 2440 eatioantiqua
1652 2355 1791 2424 ridetur.
1809 2358 1957 2440 Domum
1970 2363 2004 2424 ct
2025 2363 2131 2442 puncta
2143 2353 2194 2420 dia

1406 2467 1520 2538 crinea
1538 2468 1659 2539 sicubi
1681 2471 1838 2557 apposuit
1853 2472 1964 2540 serior
1985 2485 2102 2550 manus
2121 2475 2192 2534 ulcr

1406 2581 1534 2664 mma,
1556 2583 1743 2652 atramento
1769 2591 1803 2652 et
1826 2583 1942 2654 indole
1964 2583 2082 2653 codicis
2100 2597 2192 2665 argue

1407 2697 1504 2776 bam;
1528 2711 1613 2780 quae
1634 2713 1699 2780 ego
1722 2696 1833 2764 omnia
1857 2694 2043 2782 suppressi,
2064 2689 2192 2779 appositis

1408 2811 1537 2878 mutum
1545 2809 1654 2877 cerlis
1677 2809 1802 2893 primae
1818 2821 1941 2876 manus
1956 2807 2005 2876 vel
2020 2805 2123 2874 saltem
2136 2819 2192 2905 pro

1407 2919 1583 3001 babillbus3
1592 2919 1861 2990 mterdumeuim
1870 2918 2191 2990 conditionalamcm

1406 3035 1530 3104 branae
1553 3033 1654 3104 dnbia
1675 3033 1727 3104 rel
1750 3035 1887 3104 omuirm
1914 3033 2046 3104 evanida
2066 3028 2191 3108 reddidit,

1406 3163 1470 3216 nec
1498 3145 1589 3214 volui
1622 3145 1695 3232 ipse
1725 3147 1896 3232 supplere.
1930 3149 2059 3216 ceteras
2089 3157 2191 3229 quopoc

1406 3275 1505 3333 aalma
1527 3260 1690 3345 seriores,
1716 3279 1798 3350 quas
1822 3261 1941 3345 innui,
1964 3277 2030 3330 non
2052 3255 2144 3328 ouran
2163 3252 2190 3319 lc

1404 3389 1521 3456 more,
1545 3379 1583 3442 ut
1616 3391 1678 3459 par
1699 3381 1771 3442 erat
1795 3391 1836 3442 ex
1860 3389 1977 3442 earum
2008 3369 2126 3450 indole,
2146 3361 2191 3432 nisi

1404 3485 1490 3555 torte
1507 3486 1654 3573 :primam
1678 3487 1882 3572 scripturam
1896 3488 2117 3556 immutarent.

1400 3630 1403 3639 ·
1450 3600 1623 3670 Rationem
1645 3583 1801 3696 edilioms
1826 3599 1952 3682 codicis
1976 3597 2061 3686 quod
2080 3594 2191 3664 aalma.

1404 3720 1536 3800 practer
1548 3729 1586 3782 ea
1599 3730 1682 3800 qnae
1694 3712 1770 3781 data
1787 3712 1964 3782 occasione
1981 3701 2192 3797 praeocmpari

1403 3824 1485 3894 baec
1507 3825 1692 3896 indicanda.
1710 3823 1828 3894 lineas
1844 3825 1971 3896 codicis
1993 3820 2116 3900 servani,
2131 3815 2189 3902 quin
2279 3885 2280 3890 ,

1405 3947 1525 4022 umen,
1546 3946 1588 4006 ⁴ut
1611 3938 1646 4008 in
1671 3937 1731 4008 illo
1752 3945 1819 4022 est,
1833 3955 1892 4008 eas
1907 3939 1953 4008 ad
1972 3939 2070 4008 docnt
2090 3941 2192 4012 sempe

1404 4049 1648 4136 producerem,
1671 4051 1957 4138 quemadmodum
1975 4050 2039 4122 sepi
2058 4048 2090 4118 in
2109 4041 2190 4128 primo

1404 4161 1571 4232 fasciculo.
1589 4163 1670 4250 Typi
1685 4163 1775 4234 enim
1791 4181 1928 4250 sempor
1942 4165 2041 4236 iidem
2055 4173 2120 4229 cnm
2133 4151 2190 4220 sint.

1405 4275 1571 4362 quandam
1586 4275 1651 4344 vidi
1668 4277 1799 4358 ,reterre
1816 4275 2058 4346 deformitatem
2071 4271 2109 4341 ita
2122 4261 2189 4334 adli·

1405 4388 1494 4458 bitos
1516 4394 1555 4457 ut
1585 4386 1717 4458 lineolis
1745 4389 2020 4475 producerentur.
2053 4381 2141 4454 liliam
2166 4373 2190 4438 io

1406 4499 1495 4570 uotis
1519 4498 1755 4584 marginalibus
1771 4507 1805 4568 et
1828 4499 1945 4584 lineas,
1962 4507 1995 4570 ct
2016 4498 2117 4566 lucum
2127 4481 2190 4555 initii

1406 4629 1521 4682 carum
1537 4629 1670 4698 semper
1680 4613 1817 4695 servani,
1835 4613 1934 4684 mnis
1951 4609 2104 4684 morosior
2117 4604 2188 4672 torte.

1407 4723 1468 4792 scd
1491 4723 1660 4794 interdum
1683 4724 1718 4796 id
1740 4725 1775 4794 iu
1791 4725 1906 4796 codice
1922 4724 2039 4798 alieubi
2054 4720 2099 4788 vol
2112 4711 2189 4802 pollu-

1407 4837 1482 4906 cido
1498 4838 1596 4921 iacto,
1614 4837 1667 4908 vel
1683 4839 1797 4926 puetis
1814 4839 1856 4910 de
1873 4857 1973 4910 causa
1987 4831 2112 4908 ermion
2131 4822 2188 4894 laci·

1407 4950 1526 5036 liorem
1540 4950 1721 5037 praestabit
1735 4951 1950 5022 collationem
1964 4951 1995 5020 oi
2009 4946 2061 5038 pul
2076 4940 2139 5012 rolli
2154 4935 2189 5000 ir

1406 5063 1556 5134 stituere.
1571 5065 1765 5136 Lectiouem
1779 5065 1996 5144 codiciacum
2010 5059 2085 5148 ipsis
2098 5043 2190 5122 errori·

1405 5176 1481 5258 bus,
1498 5176 1527 5245 si
1549 5177 1690 5256 inerant,
1705 5179 1907 5250 adamam'sim
1923 5176 2053 5255 servani,
2068 5185 2121 5240 uec
2136 5163 2188 5278 ipso

1407 5297 1496 5360 certa
1511 5291 1742 5378 supplementa
1760 5293 1821 5388 vel.
1835 5294 1935 5364 unius
1958 5293 2064 5362 burm
2082 5281 2187 5351 imarii·

1406 5401 1471 5473 nisi
1490 5409 1581 5473 certa
1604 5403 1865 5493 uuiuscujusque
1888 5399 2120 5490 litoraoesacnt
2138 5383 2186 5454 sal-

1407 5517 1627 5604 lemnastigia
1641 5517 1677 5586 io
1693 5518 1768 5606 ipso
1779 5519 1909 5601 codiee,
1927 5514 2055 5600 resdgia
2065 5519 2129 5576 tcto
2143 5508 2186 5583 par

1406 5645 1443 5699 se
1459 5629 1559 5699 dubia
1576 5647 1617 5700 ex
1634 5631 1790 5718 ductibus
1813 5633 1950 5722 reliquis·
1971 5631 2012 5734 in¹
2026 5629 2107 5698 unm
2120 5625 2186 5684 coll·

1406 5740 1515 5829 plevi,
1542 5741 1602 5812 sed
1625 5743 1910 5816 ineolis-inclusi.
1936 5749 2020 5829 Quae
2040 5737 2078 5808 de
2098 5724 2184 5840 letius·

1404 5856 1495 5929 modi
1511 5873 1531 5928 e
1546 5873 1584 5928 re
1602 5858 1758 5943 crastin
1773 5859 1862 5930 uotis
1879 5852 2067 5932 anemio
2084 5837 2185 5931 pancos
