4640 6402
877 267 937 290 ,..
961 237 1006 308 so
1030 267 1074 286 -

411 361 936 532 inmensum*
1118 367 1661 500 ..secedentem
1692 373 1854 532 .n2.;.
1913 397 1934 466 s

185 537 569 672 ..emulus
598 539 718 650 cele
746 566 937 690 „usn
1163 567 1470 680 nemim
1503 576 1608 675 μου
1639 575 1774 687 ,ω
1811 623 1857 660 ...

319 741 935 872 tneo³etus=2ur÷00
1284 726 1855 880 mmmmm

257 859 372 1031 usu
398 882 634 1061 ,ΝΜ
664 931 727 1035 μς
753 862 991 1076 ίῳ
1170 933 1284 1038 ’,ω
1311 954 1411 1044 >osa
1440 931 1692 1056 ...um
1722 934 1994 1096 &mespo-

352 1081 1013 1233 ..lisois-..susorum
1275 1100 1854 1251 ·.mttt‚t-e³2‘t>0‚o

181 1285 327 1369 es.
355 1247 623 1395 lesem-t
652 1293 826 1421 ·‚susss
857 1296 935 1398 nes
971 1234 993 1301 ⁶
1171 1266 1336 1393 reims
1366 1291 1537 1401 saxi
1566 1303 1646 1402 re
1676 1326 1763 1440 Ν
1784 1301 1855 1400 ωε
1913 1301 1934 1366 ⁵

639 1585 855 1679 Μ...

720 1743 893 1840 ...ΜΛ

711 1891 856 1994 ‚icens

152 2371 216 2415 των
239 2345 343 2440 θηριων
365 2379 412 2410 ..-.-.
435 2367 537 2437 marg.
557 2359 592 2414 Δ.
608 2359 638 2414 Σ.
662 2341 755 2432 (eun,
773 2351 834 2437 Ap.
858 2356 935 2423 llm:

108 2468 135 2532 tl
171 2462 272 2533 radici
295 2464 330 2533 in
354 2466 594 2552 significatione
622 2464 820 2551 generalicri
855 2482 937 2552 pre·

106 2579 186 2664 pius
210 2576 325 2664 Aquila
350 2585 384 2647 et
408 2577 635 2664 symmachus,
656 2575 724 2647 imo
749 2577 771 2645 ii
794 2583 935 2660 tautum,

106 2709 192 2760 uoce
207 2707 324 2760 eorum
336 2699 466 2779 sumpta
483 2691 555 2761 sine
571 2697 720 2774 accentu,
733 2697 770 2760 ut
783 2691 825 2760 de
840 2707 937 2760 mure

25 2845 27 2848 -
107 2810 162 2872 est
186 2805 218 2872 in
243 2805 481 2891 antiquissimis
506 2805 677 2876 codicibus
693 2805 839 2889 Graecis,
863 2805 938 2875 red-

25 2955 28 2990 :
107 2917 193 2985 dunt
217 2919 283 2999 1183
307 2917 367 2986 sed
389 2919 475 2988 hene
499 2935 540 2986 er
563 2937 629 2989 usu
652 2920 744 2990 uocis
762 2923 789 2988 ll
807 2927 841 2988 et
857 2937 937 2988 con·

108 3035 202 3098 textu
226 3031 321 3098 Lxx.
346 3032 460 3100 Lectio
485 3031 518 3099 in
543 3031 658 3101 codiee
682 3032 767 3102 adec
791 3033 935 3114 euanuit,

25 3181 28 3224 ,-
105 3149 144 3210 ut
168 3142 276 3228 aliqua
292 3142 388 3212 litera
405 3144 554 3228 paullum
570 3143 662 3213 dulsii
684 3145 829 3230 patiatur
845 3161 938 3214 secr-

103 3253 170 3320 sim
194 3260 347 3339 sumpta;
371 3255 556 3326 intrusam
579 3273 659 3326 veru
683 3257 746 3326 alia
779 3257 937 3326 sidentur

27 3419 30 3433 .
107 3364 185 3432 addi
208 3365 314 3450 prima
338 3367 556 3454 inspectione,
581 3368 642 3438 sed
665 3375 754 3454 sunt,
776 3375 937 3455 plantum

103 3475 230 3563 judico,
255 3478 376 3550 ductus
393 3487 491 3549 uotae
511 3481 582 3550 iulii
606 3481 689 3551 recti
705 3499 747 3551 ex
770 3481 936 3568 pellucida

25 3641 30 3690 ι
106 3589 358 3660 membranam
383 3592 463 3662 lolio
487 3610 585 3664 verse
610 3599 821 3681 apparentes.

152 3725 206 3767 και
228 3725 263 3766 εκ
285 3726 382 3794 χειρος
405 3701 560 3796 ανθρωπου
574 3733 622 3764 =
636 3719 697 3782 -Ι-
719 3700 757 3774 ·>.<·
780 3701 818 3771 α’
839 3729 937 3798 perper

108 3808 214 3908 ανδρος
229 3759 279 3900 l,
296 3835 372 3886 cum
395 3817 477 3886 Alex
492 3819 581 3887 char.
605 3819 697 3900 min..
721 3825 755 3888 et
780 3819 837 3889 llll
856 3823 886 3903 l,
903 3826 937 3888 et

106 3931 180 4000 sine
204 3938 266 4001 ast.
282 3933 338 4000 All
355 3936 377 4001 2
393 3933 441 4019 (at
456 3933 490 4002 lui
513 3956 566 3999 και
582 3933 823 4020 praemittunt),
839 3935 918 4002 Arm
927 3957 937 4015 ;

26 4100 29 4144 ,
107 4045 227 4114 eadem
241 4045 313 4116 sine
329 4048 488 4118 asterisco
505 4057 582 4136 pest
605 4038 851 4138 adulescentes
875 4050 934 4118 ad-

105 4159 155 4227 dit
171 4161 229 4242 58,
254 4159 287 4227 iu
303 4178 370 4246 quo
386 4161 541 4230 ridentur
552 4177 593 4230 ex
607 4163 756 4248 margine
772 4163 937 4250 antiquiu-

107 4275 153 4342 ris
178 4274 304 4344 codicis
327 4275 413 4344 male
433 4275 561 4347 inrecta
585 4277 618 4344 in
644 4283 791 4360 textum3
815 4279 878 4346 let
902 4277 935 4346 in

106 4386 181 4456 cod.
210 4388 234 4455 C
259 4388 349 4458 addit
372 4399 401 4456 et
422 4407 445 4456 c
466 4407 565 4458 manu
590 4389 670 4458 ciri.-
694 4395 722 4462 ll
747 4397 785 4460 ut
807 4399 934 4460 uester.

105 4499 267 4569 asterisci
291 4501 448 4588 marginis
472 4502 506 4571 in
530 4501 644 4572 codice
660 4502 714 4570 vir
737 4503 874 4590 uestigia
894 4521 936 4573 ex

25 4675 27 4692 ,
107 4599 301 4684 cenditicne
324 4616 545 4686 membranae.

153 4719 363 4815 adripere:
381 4741 441 4802 ÷
473 4727 510 4803 ·'><·
545 4681 702 4794 αυτου(
741 4747 818 4798 cum
852 4731 936 4802 Alex

108 4839 196 4908 char.
218 4839 313 4921 min.;
330 4845 364 4908 et
387 4839 459 4910 sine
476 4845 537 4910 ast.
562 4845 716 4926 limmx
739 4861 854 4930 marg,
878 4845 935 4928 58,

25 4937 26 5032 ζ
107 4953 141 5035 d,
155 4951 285 5040 compl,
297 4953 462 5038 imbres,
475 4956 547 5039 Aet,
560 4955 654 5024 Arm:
669 4975 745 5026 eum
762 4965 878 5028 uestro
895 4961 934 5028 ll.

25 5045 26 5052 Χ
154 5069 187 5134 6.
214 5087 282 5130 eurr
304 5087 359 5130 reu
383 5089 514 5156 αιματος
536 5091 629 5134 cruruu
662 5067 866 5159 εκχυθησεται
889 5099 936 5130 =

26 5237 27 5240 ,
110 5157 148 5234 ’Χ
158 5177 193 5244 t'rt
205 5177 328 5247 lomim
342 5118 461 5246 lrum
476 5201 531 5246 ace
547 5203 677 5270 αιματος
692 5187 786 5248 αὐτου
801 5180 935 5273 saxulu-

25 5351 27 5374 .
109 5285 207 5370 θιται,
230 5291 347 5361 leviter
369 5293 607 5382 interpungens
633 5303 711 5384 pest
734 5319 881 5388 αιματοςε
907 5301 934 5366 ll

25 5387 26 5394 '
110 5403 284 5490 (effundens
308 5407 493 5494 sanguinem
514 5409 678 5496 luminu),
701 5428 759 5498 per
780 5410 936 5479 inminens

110 5517 174 5603 (ad
198 5517 328 5588 literam
351 5520 387 5588 iu
407 5521 551 5624 domine)
581 5521 712 5610 scepeie
744 5523 812 5610 ejus
833 5523 935 5612 epira-

25 5675 27 5712 ,
109 5615 631 5722 censuerunt-tm
661 5635 937 5726 amnemque

25 5831 27 5852 Ι
111 5741 197 5812 illitu
212 5745 277 5814 lnce
290 5747 661 5836 nummorumque
678 5748 750 5820 sine
775 5749 936 5821 asterisco

110 5853 165 5924 ΛΗ
190 5859 231 5940 2;
254 5875 316 5946 pro
347 5859 469 5950 quibm
500 5859 662 5932 Patricius
685 5859 804 5932 lunius
836 5861 871 5932 in
894 5861 937 5934 Vl

1567 1599 1812 1693 σιω-η*

1561 1755 1773 1847 exartum

1600 1923 1774 1995 >oms-u

1676 2069 1773 2164 lam

1027 2353 1233 2441 praecedunt
1255 2355 1410 2441 nomina,
1435 2355 1588 2443 ejusdem
1612 2353 1681 2425 sint
1715 2359 1857 2428 numeri.

1027 2467 1149 2539 indicis
1183 2467 1337 2538 lectionis
1361 2467 1415 2536 rix
1442 2467 1581 2554 vestigia
1616 2467 1650 2536 in
1685 2469 1856 2556 margine,

1027 2581 1118 2649 nulla
1141 2580 1290 2650 intentu
1313 2597 1431 2650 uersus
1455 2582 1557 2650 finem
1580 2581 1688 2652 lineae
1711 2583 1856 2667 adverti,

1026 2691 1078 2762 rel
1102 2693 1179 2779 quia
1202 2693 1316 2762 nullus
1340 2691 1526 2781 appositus,
1543 2711 1619 2764 cum
1636 2693 1736 2764 lectio
1752 2714 1854 2783 marg.

1027 2813 1116 2876 arcte
1140 2807 1318 2878 adhaereat
1334 2809 1405 2877 reci
1432 2815 1554 2893 textus,
1572 2809 1625 2879 cui
1641 2809 1795 2894 retertur,
1820 2817 1857 2877 ut

1026 2922 1112 2990 ferte
1135 2921 1258 2991 lactum
1274 2925 1309 2993 ‘V
1322 2977 1330 3007 ‚
1355 2925 1399 3007 d,
1423 2924 1476 2993 rel
1501 2941 1541 2994 ex
1574 2925 1721 3011 pessime
1745 2925 1856 2994 habita

1026 3033 1218 3103 membrana
1243 3034 1297 3121 (ci.
1323 3040 1438 3104 notam
1461 3039 1504 3106 tv
1527 3035 1627 3124 hujus
1651 3039 1794 3124 versus).

1072 3147 1104 3216 3.
1128 3138 1244 3223 dus:
1255 3147 1288 3216 in
1306 3147 1421 3217 codice
1437 3149 1491 3217 uix
1507 3149 1644 3235 vestigia
1662 3149 1760 3237 primi
1778 3149 1858 3218 duc-

1026 3264 1081 3327 tus
1096 3258 1211 3329 literae
1223 3284 1264 3340 ae
1277 3277 1318 3329 ex
1334 3259 1442 3346 spatie
1455 3267 1489 3329 et
1501 3263 1628 3330 Graece
1641 3262 1760 3348 supple
1773 3285 1854 3328 u».

1072 3373 1104 3440 l.
1128 3365 1227 3462 ψυχης
1240 3401 1287 3430 =
1302 3389 1405 3459 marg.
1421 3383 1455 3439 Α.
1472 3395 1502 3438 ιν
1525 3369 1607 3464 ψυχῃ
1631 3397 1724 3440 auree
1745 3397 1855 3465 αιματι

1026 3505 1128 3548 curru.
1152 3493 1183 3548 Σ.
1206 3507 1258 3550 συν
1281 3481 1363 3576 luxu
1389 3487 1496 3575 (αιμα)
1522 3509 1634 3573 curm,
1657 3489 1795 3571 Monil,
1822 3489 1855 3556 in

1026 3614 1094 3683 que
1116 3597 1228 3668 minus
1251 3607 1341 3668 recta
1365 3599 1497 3670 videtur
1513 3601 1613 3670 lectio
1635 3600 1795 3688 Aquilae,
1820 3609 1855 3670 et

1026 3711 1087 3798 Ap.
1124 3714 1206 3779 Hm:
1239 3710 1274 3779 in
1297 3715 1325 3782 ll
1350 3717 1458 3780 tetum
1487 3728 1636 3782 comma:
1660 3702 1762 3786 tut:
1786 3709 1855 3816 'lid

1026 3801 1175 3894 taren
1191 3769 1254 3892 ul
1270 3815 1359 3894 mn
1380 3812 1540 3908 tuum,
1555 3828 1769 3896 nummu
1783 3847 1856 3896 aar.

1026 3955 1098 4003 nem
1131 3957 1202 4006 cum
1235 3937 1347 4024 enimn
1369 3938 1436 4024 ejus
1460 3938 1579 4026 (uun)
1602 3939 1758 4026 unguine
1787 3943 1855 4028 qus

1026 4069 1090 4118 cun
1112 4051 1289 4132 recedetis·
1314 4051 1446 4120 literam
1469 4051 1587 4138 Aquila
1622 4051 1749 4134 reddit;
1785 4071 1854 4121 nen

1025 4163 1112 4232 male
1134 4158 1233 4233 inces
1257 4163 1405 4250 singulas
1430 4163 1668 4250 symmachus,
1693 4165 1722 4234 si
1751 4147 1854 4236 addas

1025 4269 1185 4364 edusius,
1210 4276 1301 4363 qued
1323 4276 1437 4346 ltcntt.
1463 4281 1497 4345 et
1520 4276 1580 4362 llp.
1606 4280 1670 4348 llrn
1694 4279 1853 4365 praemit·

1026 4397 1112 4472 tunt,
1133 4407 1210 4460 cum
1233 4390 1402 4460 interdum
1426 4390 1474 4460 sic
1497 4397 1649 4489 sumatur
1667 4409 1853 4479 prenomen

1026 4503 1204 4587 suffixum.
1228 4503 1465 4576 subintellecto
1488 4495 1608 4587 wit,
1633 4505 1693 4574 sed
1718 4521 1853 4575 sensum

1025 4618 1090 4687 leci
1114 4635 1181 4687 nen
1206 4622 1462 4702 errassemus,
1487 4622 1524 4686 ut
1547 4615 1576 4685 is
1600 4623 1711 4688 mmen
1728 4618 1797 4686 lere
1815 4621 1852 4700 P;

1026 4728 1204 4799 divinando
1227 4730 1297 4798 lere
1321 4731 1427 4812 Lxx,
1453 4746 1516 4798 nec
1540 4731 1646 4800 textui
1677 4735 1705 4800 ll
1731 4747 1852 4800 conue-

1026 4841 1165 4911 nienter.
1191 4843 1347 4913 Ceterum
1372 4846 1443 4910 teta
1471 4840 1589 4928 pagina
1624 4841 1769 4928 pessime
1792 4843 1852 4912 ha-

1024 4955 1093 5025 bita
1117 4960 1151 5023 et
1174 4953 1357 5041 pellucida;
1381 4953 1415 5021 in
1446 4960 1540 5023 textu
1575 4953 1694 5024 indicis
1717 4957 1853 5042 vestigia

1026 5067 1151 5137 incerta
1176 5083 1238 5154 pre
1260 5068 1389 5150 torma,
1413 5065 1462 5136 uti
1487 5066 1587 5137 etiam
1611 5069 1652 5138 ad
1676 5069 1855 5138 lectionem

1026 5179 1177 5267 lqurilae3
1199 5179 1234 5248 in
1261 5177 1362 5266 huius
1389 5177 1532 5250 lectione
1560 5181 1854 5262 insereremus,

1027 5305 1089 5356 συ
1111 5299 1145 5364 et
1169 5277 1186 5370 l
1208 5291 1242 5362 in
1267 5301 1422 5356 mm
1440 5297 1473 5363 et
1497 5279 1580 5380 isos,
1604 5295 1638 5363 in
1663 5295 1719 5363 illa
1743 5305 1853 5366 aurem

1028 5405 1216 5492 Symmachi
1239 5421 1307 5476 nen
1324 5415 1461 5495 apparet
1477 5392 1548 5485 leot
1566 5430 1654 5496 aspa,
1670 5408 1761 5496 quud
1777 5409 1853 5478 ideo

1027 5521 1123 5590 uncis
1146 5520 1266 5591 inclusi
1289 5521 1385 5590 initio
1408 5529 1531 5606 neue,
1555 5521 1633 5592 licet
1669 5529 1741 5592 tute
1770 5540 1851 5610 sup·

1027 5633 1159 5722 plcatur
1181 5651 1221 5704 ex
1246 5635 1373 5706 Graece
1397 5641 1431 5704 et
1455 5653 1496 5704 ex
1520 5604 1639 5722 ipsein.

1072 5749 1104 5818 c.
1128 5769 1189 5813 των
1211 5743 1313 5838 pegus
1335 5771 1417 5838 υμων
1440 5775 1487 5809 =
1509 5761 1570 5824 -Ι-
1592 5739 1776 5834 ulamau,
1801 5753 1853 5832 ll,

1027 5866 1137 5948 timu,
1161 5865 1186 5948 1,
1210 5862 1279 5948 lll',
1301 5863 1342 5946 x,
1367 5864 1424 5945 dii,
1450 5862 1483 5950 d,
1508 5863 1576 5946 Cli,
1601 5863 1675 5948 Aet,
1698 5863 1787 5932 tlrm
